@article{AAMM-13-1126,
	title        = {{A kernel-independent sum-of-Gaussians method by de la Vall\'ee-Poussin sums}},
	author       = {Liang , Jiuyang and Gao , Zixuan and Xu , Zhenli},
	year         = 2021,
	journal      = {Adv. Appl. Math. Mech.},
	volume       = 13,
	number       = 5,
	pages        = {1126--1141}
}
@article{ABRAHAM201519,
	title        = {{GROMACS: High performance molecular simulations through multi-level parallelism from laptops to supercomputers}},
	author       = {Mark James Abraham and Teemu Murtola and Roland Schulz and Szilárd Páll and Jeremy C. Smith and Berk Hess and Erik Lindahl},
	year         = 2015,
	journal      = {SoftwareX},
	volume       = {1-2},
	pages        = {19--25}
}
@book{allen2017computer,
	title        = {{Computer Simulation of Liquids}},
	author       = {Allen, Michael P. and Tildesley, Dominic J.},
	year         = 2017,
	month        = {06},
	publisher    = {Oxford University Press},
	isbn         = 9780198803195
}
@book{anderson1995computational,
	title        = {{Computational Fluid Dynamics}},
	author       = {Anderson, John David and Wendt, John},
	year         = 1995,
	publisher    = {Springer},
	volume       = 206
}
@article{antila2018dielectric,
	title        = {Dielectric {M}odulation of {I}on {T}ransport near {I}nterfaces},
	author       = {Antila, Hanne S. and Luijten, Erik},
	year         = 2018,
	month        = {Mar},
	journal      = {Phys. Rev. Lett.},
	publisher    = {American Physical Society},
	volume       = 120,
	pages        = 135501,
	issue        = 13,
	numpages     = 6
}
@article{arnold2002electrostatics,
	title        = {Electrostatics in periodic slab geometries. {I}},
	author       = {Arnold, Axel and de Joannis, Jason and Holm, Christian},
	year         = 2002,
	journal      = {J. Chem. Phys.},
	publisher    = {American Institute of Physics},
	volume       = 117,
	number       = 6,
	pages        = {2496--2502}
}
@article{arnold2002mmm2d,
	title        = {{MMM2D: A fast and accurate summation method for electrostatic interactions in 2D slab geometries}},
	author       = {Arnold, Axel and Holm, Christian},
	year         = 2002,
	journal      = {Computer Physics Communications},
	publisher    = {Elsevier},
	volume       = 148,
	number       = 3,
	pages        = {327--348}
}
@article{arnold2002novel,
	title        = {A novel method for calculating electrostatic interactions in 2{D} periodic slab geometries},
	author       = {Axel Arnold and Christian Holm},
	year         = 2002,
	journal      = {Chem. Phys. Lett.},
	volume       = 354,
	number       = 3,
	pages        = {324--330},
	issn         = {0009-2614}
}
@article{arnold2013comparison,
	title        = {Comparison of scalable fast methods for long-range interactions},
	author       = {Arnold, Axel and Fahrenberger, Florian and Holm, Christian and Lenz, Olaf and Bolten, Matthias and Dachsel, Holger and Halver, Rene and Kabadshow, Ivo and G{\"a}hler, Franz and Heber, Frederik and others},
	year         = 2013,
	journal      = {Phys. Rev. E},
	publisher    = {APS},
	volume       = 88,
	number       = 6,
	pages        = {063308}
}
@article{Bagchi2020PNAS,
	title        = {Surface polarization effects in confined polyelectrolyte solutions},
	author       = {Debarshee Bagchi and Trung Dac Nguyen and Monica Olvera de la Cruz},
	year         = 2020,
	journal      = {P. Nat. Acad. Sci.},
	volume       = 117,
	number       = 33,
	pages        = {19677--19684}
}
@article{bagchi2020surface,
	title        = {Surface polarization effects in confined polyelectrolyte solutions},
	author       = {Debarshee Bagchi  and Trung Dac Nguyen  and Monica Olvera de la Cruz},
	year         = 2020,
	journal      = {Proc. Natl. Acad. Sci. U.S.A.},
	volume       = 117,
	number       = 33,
	pages        = {19677--19684}
}
@article{barnes1986hierarchical,
	title        = {A hierarchical O (N log N) force-calculation algorithm},
	author       = {Barnes, Josh and Hut, Piet},
	year         = 1986,
	journal      = {nature},
	publisher    = {Nature Publishing Group UK London},
	volume       = 324,
	number       = 6096,
	pages        = {446--449}
}
@article{Barnes1986Nature,
	title        = {{A hierarchical $O(N\log N)$ force-calculation algorithm}},
	author       = {Barnes, Josh and Hut, Piet},
	year         = 1986,
	journal      = {Nature},
	volume       = 324,
	number       = 6096,
	pages        = {446--449},
	issn         = {1476-4687},
	type         = {Journal Article}
}
@article{barnett2018unified,
	title        = {{A unified integral equation scheme for doubly periodic Laplace and Stokes boundary value problems in two dimensions}},
	author       = {Barnett, Alex H and Marple, Gary R and Veerapaneni, Shravan and Zhao, Lin},
	year         = 2018,
	journal      = {Commun. Pure Appl. Math.},
	publisher    = {Wiley Online Library},
	volume       = 71,
	number       = 11,
	pages        = {2334--2380}
}
@article{barnett2019parallel,
	title        = {A parallel nonuniform fast {F}ourier transform library based on an ``exponential of semicircle'' kernel},
	author       = {Barnett, Alexander H and Magland, Jeremy and af Klinteberg, Ludvig},
	year         = 2019,
	journal      = {SIAM J. Sci. Comput.},
	publisher    = {SIAM},
	volume       = 41,
	number       = 5,
	pages        = {C479--C504}
}
@article{barnett2021aliasing,
	title        = {{Aliasing error of the $\exp(\beta\sqrt{1-z^2})$ kernel in the nonuniform fast Fourier transform}},
	author       = {Barnett, Alex H},
	year         = 2021,
	journal      = {Appl. Comput. Harmon. Anal.},
	publisher    = {Elsevier},
	volume       = 51,
	pages        = {1--16}
}
@article{Barros2014Dielectric,
	title        = {Dielectric effects in the self-assembly of binary colloidal aggregates},
	author       = {Barros, Kipton and Luijten, Erik},
	year         = 2014,
	month        = {Jul},
	journal      = {Phys. Rev. Lett.},
	publisher    = {American Physical Society},
	volume       = 113,
	pages        = {017801},
	issue        = 1,
	numpages     = 5
}
@article{barros2014efficient,
	title        = {Efficient and accurate simulation of dynamic dielectric objects},
	author       = {Barros, Kipton and Sinkovits, Daniel and Luijten, Erik},
	year         = 2014,
	journal      = {J. Chem. Phys.},
	publisher    = {AIP Publishing},
	volume       = 140,
	number       = 6,
	pages        = {064903}
}
@article{benjamin1997molecular,
	title        = {Molecular structure and dynamics at liquid-liquid interfaces},
	author       = {Benjamin, Ilan},
	year         = 1997,
	journal      = {Annu. Rev. Phys. Chem.},
	publisher    = {Annual Reviews 4139 El Camino Way, PO Box 10139, Palo Alto, CA 94303-0139, USA},
	volume       = 48,
	number       = 1,
	pages        = {407--451}
}
@article{berendsen1984molecular,
	title        = {{Molecular dynamics with coupling to an external bath}},
	author       = {Berendsen, H. J. C. and Postma, J. P. M. and van Gunsteren, W. F. and DiNola, A. and Haak, J. R.},
	year         = 1984,
	month        = 10,
	journal      = {J. Chem. Phys.},
	volume       = 81,
	number       = 8,
	pages        = {3684--3690},
	issn         = {0021-9606}
}
@article{berendsen1987missing,
	title        = {The missing term in effective pair potentials},
	author       = {Berendsen, HJC and Grigera, JR and Straatsma, TP},
	year         = 1987,
	journal      = {J. Phys. Chem.},
	publisher    = {ACS Publications},
	volume       = 91,
	number       = 24,
	pages        = {6269--6271}
}
@article{beylkin2005approximation,
	title        = {On approximation of functions by exponential sums},
	author       = {Gregory Beylkin and Lucas Monz$\acute{\text{o}}$n},
	year         = 2005,
	journal      = {Appl. Comput. Harmon. Anal.},
	volume       = 19,
	number       = 1,
	pages        = {17--48},
	issn         = {1063-5203}
}
@article{beylkin2010approximation,
	title        = {Approximation by exponential sums revisited},
	author       = {Gregory Beylkin and Lucas Monz$\acute{\text{o}}$n},
	year         = 2010,
	journal      = {Appl. Comput. Harmon. Anal.},
	volume       = 28,
	number       = 2,
	pages        = {131--149},
	issn         = {1063-5203}
}
@article{bichoutskaia2010electrostatic,
	title        = {Electrostatic analysis of the interactions between charged particles of dielectric materials},
	author       = {Bichoutskaia, Elena and Boatwright, Adrian L and Khachatourian, Armik and Stace, Anthony J},
	year         = 2010,
	journal      = {J. Chem. Phys.},
	publisher    = {American Institute of Physics},
	volume       = 133,
	number       = 2,
	pages        = {024105}
}
@article{Bombardelli2021Electroosmotic,
	title        = {Electroosmotic Flow in Polarizable Charged Cylindrical Nanopores},
	author       = {Bombardelli, Rogério K. and Telles, Igor M. and dos Santos, Alexandre P. and Levin, Yan},
	year         = 2021,
	journal      = {J. Phys. Chem. B},
	volume       = 125,
	number       = 39,
	pages        = {11091--11098}
}
@article{Booth1951Dielectric,
	title        = {{The {D}ielectric {C}onstant of {W}ater and the {S}aturation {E}ffect}},
	author       = {Booth, F.},
	year         = 1951,
	month        = 12,
	journal      = {J. Chem. Phys.},
	volume       = 19,
	number       = 4,
	pages        = {391--394},
	issn         = {0021-9606}
}
@article{Booth1955Dielectric,
	title        = {{Dielectric {C}onstant of {P}olar {L}iquids at {H}igh {F}ield {S}trengths}},
	author       = {Booth, F.},
	year         = 1955,
	month        = 12,
	journal      = {J. Chem. Phys.},
	volume       = 23,
	number       = 3,
	pages        = {453--457},
	issn         = {0021-9606}
}
@article{boschitsch2002fast,
	title        = {Fast bboundary element method for the linear {P}oisson-{B}oltzmann equation},
	author       = {Boschitsch, Alexander H and Fenley, Marcia O and Zhou, Huan-Xiang},
	year         = 2002,
	journal      = {J. Phys. Chem. B},
	publisher    = {ACS Publications},
	volume       = 106,
	number       = 10,
	pages        = {2741--2754}
}
@article{breitsprecher2014coarse,
	title        = {{Coarse-grained simulations of an ionic liquid-based capacitor: I. Density, ion size, and valency effects}},
	author       = {Breitsprecher, Konrad and Ko{\v{s}}ovan, Peter and Holm, Christian},
	year         = 2014,
	journal      = {J. Phys.-Condens. Mat.},
	publisher    = {IOP Publishing},
	volume       = 26,
	number       = 28,
	pages        = 284108
}
@article{C0NR00698J,
	title        = {Electrostatics at the nanoscale},
	author       = {Walker, David A. and Kowalczyk, Bartlomiej and de la Cruz, Monica Olvera and Grzybowski, Bartosz A.},
	year         = 2011,
	journal      = {Nanoscale},
	volume       = 3,
	pages        = {1316--1344}
}
@article{Canova2014KT,
	title        = {Kosterlitz-Thouless and Potts transitions in a generalized {$XY$} model},
	author       = {Canova, Gabriel A. and Levin, Yan and Arenzon, Jeferson J.},
	year         = 2014,
	month        = {Jan},
	journal      = {Phys. Rev. E},
	publisher    = {American Physical Society},
	volume       = 89,
	pages        = {012126},
	issue        = 1,
	numpages     = 5
}
@article{celllistmap,
	title        = {Cell{L}ist{M}ap.jl: {E}fficient and customizable cell list implementation for calculation of pairwise particle properties within a cutoff},
	author       = {Leandro Mart\'inez},
	year         = 2022,
	journal      = {Comput. Phys. Commun.},
	publisher    = {Elsevier},
	volume       = 279,
	pages        = 108452,
	issn         = {0010-4655}
}
@article{cervera2006ionic,
	title        = {Ionic conduction, rectification, and selectivity in single conical nanopores},
	author       = {Cervera, Javier and Schiedt, Birgitta and Neumann, Reinhard and others},
	year         = 2006,
	journal      = {J. Chem. Phys.},
	volume       = 124,
	number       = 10,
	pages        = 104706
}
@article{chen2006local,
	title        = {Local molecular field theory for effective attractions between like charged objects in systems with strong {C}oulomb interactions},
	author       = {Chen, Yng-Gwei and Weeks, John D},
	year         = 2006,
	journal      = {Proc. Natl. Acad. Sci. U.S.A.},
	publisher    = {National Acad Sciences},
	volume       = 103,
	number       = 20,
	pages        = {7560--7565}
}
@article{chen2006pinned,
	title        = {Pinned bilayer {W}igner crystals with pseudospin magnetism},
	author       = {Chen, Yong P},
	year         = 2006,
	journal      = {Phys. Rev. B},
	publisher    = {APS},
	volume       = 73,
	number       = 11,
	pages        = 115314
}
@article{cheng1999fast,
	title        = {A Fast Adaptive Multipole Algorithm in Three Dimensions},
	author       = {H. Cheng and L. Greengard and V. Rokhlin},
	year         = 1999,
	journal      = {J. Comput. Phys.},
	volume       = 155,
	number       = 2,
	pages        = {468--498},
	issn         = {0021-9991}
}
@article{cheng2017tunable,
	title        = {Tunable and weakly negative permittivity in carbon/silicon nitride composites with different carbonizing temperatures},
	author       = {Cheng, Chuanbing and Fan, Runhua and Wang, Zhongyang and Shao, Qian and Guo, Xingkui and Xie, Peitao and Yin, Yansheng and Zhang, Yuliang and An, Liqiong and Lei, Yanhua and others},
	year         = 2017,
	journal      = {Carbon},
	publisher    = {Elsevier},
	volume       = 125,
	pages        = {103--112}
}
@inproceedings{chu2005negative,
	title        = {A negative dielectric constant in nano-particle materials under an electric field at very low frequencies},
	author       = {Chu, Ching-Wu and Chen, Feng and Shulman, Jason and Tsui, S and Xue, YY and Wen, Weijia and Sheng, Ping},
	year         = 2005,
	booktitle    = {Strongly Correlated Electron Materials: Physics and Nanoengineering},
	volume       = 5932,
	pages        = {139--148},
	organization = {SPIE}
}
@article{coffey2012magnetic,
	title        = {Magnetic levitation from negative permeability materials},
	author       = {Mark W. Coffey},
	year         = 2012,
	journal      = {Phys. Lett. A},
	volume       = 376,
	number       = 42,
	pages        = {2739--2742},
	issn         = {0375-9601}
}
@book{cormen2022introduction,
	title        = {{Introduction to Algorithms}},
	author       = {Cormen, Thomas H and Leiserson, Charles E and Rivest, Ronald L and Stein, Clifford},
	year         = 2022,
	publisher    = {{MIT Press}}
}
@article{corwin2004sorting,
	title        = {Sorting in linear time-variations on the bucket sort},
	author       = {Corwin, Edward and Logar, Antonette},
	year         = 2004,
	journal      = {J. Univers. Comput. Sci.},
	publisher    = {Consortium for Computing Sciences in Colleges},
	volume       = 20,
	number       = 1,
	pages        = {197--202}
}
@article{crozier2001molecular,
	title        = {Molecular-dynamics simulations of ion size effects on the fluid structure of aqueous electrolyte systems between charged model electrodes},
	author       = {Crozier, Paul S and Rowley, Richard L and Henderson, Douglas},
	year         = 2001,
	journal      = {J. Chem. Phys.},
	publisher    = {American Institute of Physics},
	volume       = 114,
	number       = 17,
	pages        = {7513--7517}
}
@article{DanischKrumbiegel2021,
	title        = {{Makie.jl}: Flexible high-performance data visualization for {Julia}},
	author       = {Simon Danisch and Julius Krumbiegel},
	year         = 2021,
	journal      = {J. Open Source Softw.},
	publisher    = {The Open Journal},
	volume       = 6,
	number       = 65,
	pages        = 3349
}
@article{darden1993particle,
	title        = {Particle mesh {E}wald: {A}n {N}$\cdot \log$({N}) method for {E}wald sums in large systems},
	author       = {Darden, Tom and York, Darrin and Pedersen, Lee},
	year         = 1993,
	month        = {06},
	journal      = {J. Chem. Phys.},
	volume       = 98,
	number       = 12,
	pages        = {10089--10092},
	issn         = {0021-9606}
}
@article{das2010single,
	title        = {Single-file diffusion of confined water inside {SWNT}s: an {NMR} study},
	author       = {Das, Anindya and Jayanthi, Sundaresan and Deepak, Handiganadu Srinivasa Murthy Vinay and Ramanathan, Krishna Venkatachala and Kumar, Anil and Dasgupta, Chandan and Sood, Ajay K},
	year         = 2010,
	journal      = {ACS nano},
	publisher    = {ACS Publications},
	volume       = 4,
	number       = 3,
	pages        = {1687--1695}
}
@article{de1979electrostatic,
	title        = {Electrostatic lattice sums for semi-infinite lattices},
	author       = {De Leeuw, Simon W and Perram, John W},
	year         = 1979,
	journal      = {Mol. Phys.},
	publisher    = {Taylor \& Francis},
	volume       = 37,
	number       = 4,
	pages        = {1313--1322}
}
@article{de1980simulation,
	title        = {{Simulation of electrostatic systems in periodic boundary conditions. I. Lattice sums and dielectric constants}},
	author       = {de Leeuw, S. W.  and Perram, J. W.  and Smith, E. R.  and Rowlinson, John Shipley},
	year         = 1980,
	journal      = {Proc. Math. Phys. Sci.},
	volume       = 373,
	number       = 1752,
	pages        = {27--56}
}
@article{de1980simulation1,
	title        = {Simulation of electrostatic systems in periodic boundary conditions. {I}. {L}attice sums and dielectric constants},
	author       = {de Leeuw, Simon W and Perram, John William and Smith, Edgar Roderick},
	year         = 1980,
	journal      = {Proc. Math. Phys. Eng. Sci.},
	publisher    = {The Royal Society London},
	volume       = 373,
	number       = 1752,
	pages        = {27--56}
}
@article{de1980simulation2,
	title        = {Simulation of electrostatic systems in periodic boundary conditions. {II}. {E}quivalence of boundary conditions},
	author       = {De Leeuw, SW and Perram, John W and Smith, ER},
	year         = 1980,
	journal      = {Proc. Math. Phys. Eng. Sci.},
	publisher    = {The Royal Society London},
	volume       = 373,
	number       = 1752,
	pages        = {57--66}
}
@article{de1983simulation,
	title        = {Simulation of electrostatic systems in periodic boundary conditions. {III}. {F}urther theory and applications},
	author       = {De Leeuw, SW and Perram, JW and Smith, ER},
	year         = 1983,
	journal      = {Proc. Math. Phys. Eng. Sci.},
	publisher    = {The Royal Society London},
	volume       = 388,
	number       = 1794,
	pages        = {177--193}
}
@article{de2002electrostatics,
	title        = {Electrostatics in periodic slab geometries. {II}},
	author       = {de Joannis, Jason and Arnold, Axel and Holm, Christian},
	year         = 2002,
	journal      = {J. Chem. Phys.},
	publisher    = {American Institute of Physics},
	volume       = 117,
	number       = 6,
	pages        = {2503--2512}
}
@article{debye1923theorie,
	title        = {{De la theorie des electrolytes. I. abaissement du point de congelation et phenomenes associes}},
	author       = {Debye, Peter and H{\"u}ckel, Erich},
	year         = 1923,
	journal      = {Phys. Z.},
	volume       = 24,
	number       = 9,
	pages        = {185--206}
}
@article{deserno1998mesh,
	title        = {{How to mesh up Ewald sums. II. An accurate error estimate for the particle-particle-particle-mesh algorithm}},
	author       = {Deserno, Markus and Holm, Christian},
	year         = 1998,
	month        = 11,
	journal      = {J. Chem. Phys.},
	volume       = 109,
	number       = 18,
	pages        = {7694--7701},
	issn         = {0021-9606}
}
@article{doi:10.1021/acs.jctc.3c01124,
	title        = {{PMC-IZ: A simple algorithm for the electrostatics calculation in slab geometric molecular dynamics simulations}},
	author       = {Huang, Yu-Peng and Xia, Yijie and Yang, Lijiang and Gao, Yi Qin},
	year         = 2024,
	journal      = {J. Chem. Theory Comput.},
	publisher    = {American Chemical Society},
	volume       = 20,
	pages        = {832--841},
	issue        = 2
}
@article{doi:10.1021/ct5009075,
	title        = {Multilevel summation method for electrostatic force evaluation},
	author       = {Hardy, David J. and Wu, Zhe and Phillips, James C. and Stone, John E. and Skeel, Robert D. and Schulten, Klaus},
	year         = 2015,
	journal      = {J. Chem. Theory Comput.},
	volume       = 11,
	number       = 2,
	pages        = {766--779}
}
@article{Dolgov1918admissible,
	title        = {On an admissible sign of the static dielectric function of matter},
	author       = {Dolgov, O. V. and Kirzhnits, D. A. and Maksimov, E. G.},
	year         = 1981,
	month        = {Jan},
	journal      = {Rev. Mod. Phys.},
	publisher    = {American Physical Society},
	volume       = 53,
	pages        = {81--93},
	issue        = 1,
	numpages     = {0}
}
@article{Donaldson1972SINUA,
	title        = {A Unified Approach to Quadrature Rules with Asymptotic Estimates of Their Remainders},
	author       = {Donaldson, J. D. and Elliott, David},
	year         = 1972,
	journal      = {SIAM J. Numer. Anal.},
	volume       = 9,
	number       = 4,
	pages        = {573--602}
}
@article{dos2015electrolytes,
	title        = {{Electrolytes between dielectric charged surfaces: Simulations and theory}},
	author       = {dos Santos, Alexandre P and Levin, Yan},
	year         = 2015,
	journal      = {J. Chem. Phys.},
	publisher    = {AIP Publishing},
	volume       = 142,
	number       = 19,
	pages        = 194104
}
@article{dos2017simulations,
	title        = {Simulations of {C}oulomb systems confined by polarizable surfaces using periodic {G}reen functions},
	author       = {Dos Santos, Alexandre P and Girotto, Matheus and Levin, Yan},
	year         = 2017,
	journal      = {J. Chem. Phys.},
	publisher    = {AIP Publishing LLC},
	volume       = 147,
	number       = 18,
	pages        = 184105
}
@article{dosSantos2016JPCB,
	title        = {Simulations of polyelectrolyte adsorption to a dielectric like-charged surface},
	author       = {dos Santos, Alexandre P. and Girotto, Matheus and Levin, Yan},
	year         = 2016,
	journal      = {J. Phys. Chem. B},
	volume       = 120,
	number       = 39,
	pages        = {10387--10393}
}
@article{eberle2011reflection,
	title        = {{Reflection coupling and Wasserstein contractivity without convexity}},
	author       = {Andreas Eberle},
	year         = 2011,
	journal      = {C. R. Math.},
	volume       = 349,
	number       = 19,
	pages        = {1101--1104},
	issn         = {1631-073X}
}
@book{erdelyi1954tables,
	title        = {{Tables of Integral Transforms} {V}ol. {I}},
	author       = {Erdelyi, A and Magnus, W and Oberhettinger, F and Tricomi, FG},
	year         = 1954,
	publisher    = {McGraw-Hill Book Company}
}
@article{essmann1995smooth,
	title        = {A smooth particle mesh {E}wald method},
	author       = {Essmann, Ulrich and Perera, Lalith and Berkowitz, Max L and Darden, Tom and Lee, Hsing and Pedersen, Lee G},
	year         = 1995,
	journal      = {J. Chem. Phys.},
	publisher    = {American Institute of Physics},
	volume       = 103,
	number       = 19,
	pages        = {8577--8593}
}
@article{evans1980least,
	title        = {On least squares exponential sum approximation with positive coefficients},
	author       = {Evans, John W and Gragg, William B and LeVeque, Randall J},
	year         = 1980,
	journal      = {Math. Comput.},
	volume       = 34,
	number       = 149,
	pages        = {203--211}
}
@article{Ewald1921AnnPhys,
	title        = {{Die Berechnung optischer und elektrostatischer Gitterpotentiale}},
	author       = {Ewald, Paul P.},
	year         = 1921,
	journal      = {Ann. Phys.},
	volume       = 369,
	number       = 3,
	pages        = {253--287},
	issn         = {0003-3804},
	type         = {Journal Article}
}
@misc{EwaldSummations,
	title        = {{EwaldSummations.jl: An Implementation of the Ewald Summations in Julia}},
	author       = {Xuanzhao Gao},
	year         = 2024,
	journal      = {GitHub repository},
	publisher    = {GitHub},
	howpublished = {\url{https://github.com/HPMolSim/EwaldSummations.jl}}
}
@misc{extinymd,
	title        = {{ExTinyMD.jl}},
	author       = {Zecheng Gan and Xuanzhao Gao},
	year         = 2023,
	journal      = {GitHub repository},
	publisher    = {GitHub},
	howpublished = {\url{https://github.com/HPMolSim/ExTinyMD.jl}}
}
@article{fahrenberger2014computing,
	title        = {Computing the {C}oulomb interaction in inhomogeneous dielectric media via a local electrostatics lattice algorithm},
	author       = {Fahrenberger, Florian and Holm, Christian},
	year         = 2014,
	journal      = {Phys. Rev. E},
	volume       = 90,
	number       = 6,
	pages        = {063304}
}
@article{feller1995constant,
	title        = {{Constant pressure molecular dynamics simulation: The Langevin piston method}},
	author       = {Feller, Scott E and Zhang, Yuhong and Pastor, Richard W and Brooks, Bernard R},
	year         = 1995,
	journal      = {J. Chem. Phys.},
	publisher    = {American Institute of Physics},
	volume       = 103,
	number       = 11,
	pages        = {4613--4621}
}
@article{fernandez2010collection,
	title        = {Collection and {C}oncentration of {L}ight by {T}ouching {S}pheres: {A} {T}ransformation {O}ptics {A}pproach},
	author       = {Fern{\'a}ndez-Dom{\'\i}nguez, AI and Maier, SA and Pendry, JB},
	year         = 2010,
	journal      = {Phys. Rev. Lett.},
	volume       = 105,
	number       = 26,
	pages        = 266807
}
@inproceedings{fftscalability,
	title        = {Scalability Issues in {FFT} Computation},
	author       = {Ayala, Alan and Tomov, Stanimire and Stoyanov, Miroslav and Dongarra, Jack},
	year         = 2021,
	booktitle    = {Parallel Computing Technologies},
	publisher    = {Springer International Publishing},
	address      = {Cham},
	pages        = {279--287},
	isbn         = {978-3-030-86359-3},
	editor       = {Malyshkin, Victor}
}
@book{frenkel2023understanding,
	title        = {{Understanding molecular simulation: From algorithms to applications}},
	author       = {Frenkel, Daan and Smit, Berend},
	year         = 2023,
	publisher    = {Elsevier}
}
@article{fukuma2010water,
	title        = {Water distribution at solid/liquid interfaces visualized by frequency modulation atomic force microscopy},
	author       = {Fukuma, Takeshi},
	year         = 2010,
	journal      = {Sci. Technol. Adv. Mater.},
	publisher    = {Taylor \& Francis}
}
@article{gan2016hybrid,
	title        = {A Hybrid Method for Systems of Closely Spaced Dielectric Spheres and Ions},
	author       = {Gan, Zecheng and Jiang, Shidong and Luijten, Erik and Xu, Zhenli},
	year         = 2016,
	journal      = {SIAM J. Sci. Comput.},
	volume       = 38,
	number       = 3,
	pages        = {B375-B395}
}
@article{gan2024fast,
	title        = {Fast algorithm for quasi-2D Coulomb systems},
	author       = {Zecheng Gan and Xuanzhao Gao and Jiuyang Liang and Zhenli Xu},
	year         = 2025,
	journal      = {J. Comput. Phys.},
	volume       = 524,
	pages        = 113733,
	issn         = {0021-9991}
}
@article{gan2024random,
	title        = {Random batch {E}wald method for dielectrically confined {C}oulomb systems},
	author       = {Gan, Zecheng and Gao, Xuanzhao and Liang, Jiuyang and Xu, Zhenli},
	journal      = {Accepted by SIAM J. Sci. Comput. (2025), also available at https://arxiv.org/pdf/2405.06333.pdf.}
}
@article{gan2025fast,
	title        = {Fast algorithm for quasi-2D Coulomb systems},
	author       = {Gan, Zecheng and Gao, Xuanzhao and Liang, Jiuyang and Xu, Zhenli},
	year         = 2025,
	journal      = {Journal of Computational Physics},
	publisher    = {Elsevier},
	pages        = 113733
}
@article{gao2021kernelindependent,
	title        = {{A kernel-independent sum-of-exponentials method}},
	author       = {Gao, Zixuan and Liang, Jiuyang and Xu, Zhenli},
	year         = 2022,
	journal      = {J. Sci. Comput.},
	publisher    = {Springer},
	volume       = 93,
	number       = 2,
	pages        = 40
}
@article{gao2022broken,
	title        = {Broken Symmetries in Quasi-2D Charged Systems via Dielectric Confinement},
	author       = {Gao, Xuanzhao and Gan, Zecheng},
	year         = 2022,
	journal      = {arXiv preprint arXiv:2207.04687}
}
@article{gao2023JCTC,
	title        = {{A screening condition imposed stochastic approximation for long-range electrostatic correlations}},
	author       = {Gao, Weihang and Hu, Zhonghan and Xu, Zhenli},
	year         = 2023,
	journal      = {J. Chem. Theory Comput.},
	volume       = 19,
	number       = 15,
	pages        = {4822--4827}
}
@article{gao2024broken,
	title        = {Broken symmetries in quasi-2{D} charged systems via negative dielectric confinement},
	author       = {Gao, Xuanzhao and Gan, Zecheng},
	year         = 2024,
	journal      = {J. Chem. Phys.},
	publisher    = {AIP Publishing},
	volume       = 161,
	number       = 1,
	pages        = {011102}
}
@article{gao2024fast,
	title        = {{A fast spectral sum-of-Gaussians method for electrostatic summation in quasi-2D systems}},
	author       = {Gao, Xuanzhao and Jiang, Shidong and Liang, Jiuyang and Xu, Zhenli and Zhou, Qi},
	year         = 2024,
	journal      = {arXiv preprint arXiv:2412.04595}
}
@article{gao2024rbmdmoleculardynamicspackage,
	title        = {{RBMD}: A molecular dynamics package enabling to simulate 10 million all-atom particles in a single graphics processing unit},
	author       = {Weihang Gao and Teng Zhao and Yongfa Guo and Jiuyang Liang and Huan Liu and Maoying Luo and Zedong Luo and Wei Qin and Yichao Wang and Qi Zhou and Shi Jin and Zhenli Xu},
	year         = 2024,
	journal      = {arXiv:2407.09315}
}
@article{ghadimi2016mini,
	title        = {Mini-batch stochastic approximation methods for nonconvex stochastic composite optimization},
	author       = {Ghadimi, Saeed and Lan, Guanghui and Zhang, Hongchao},
	year         = 2016,
	journal      = {Math. Program.},
	publisher    = {Springer},
	volume       = 155,
	number       = {1-2},
	pages        = {267--305}
}
@article{GIMBUTAS2020815,
	title        = {A fast simple algorithm for computing the potential of charges on a line},
	author       = {Zydrunas Gimbutas and Nicholas F. Marshall and Vladimir Rokhlin},
	year         = 2020,
	journal      = {Appl. Comput. Harmon. Anal.},
	volume       = 49,
	number       = 3,
	pages        = {815--830},
	issn         = {1063-5203}
}
@article{giovambattista2012computational,
	title        = {Computational studies of pressure, temperature, and surface effects on the structure and thermodynamics of confined water},
	author       = {Giovambattista, N and Rossky, PJ and Debenedetti, PG},
	year         = 2012,
	journal      = {Annu. Rev. Phys. Chem.},
	publisher    = {Annual Reviews},
	volume       = 63,
	pages        = {179--200}
}
@article{golse2019random,
	title        = {The random batch method for {$N$}-body quantum dynamics},
	author       = {Golse, Fran{\c{c}}ois and Jin, Shi and Paul, Thierry},
	year         = 2021,
	journal      = {J. Comput. Phys.},
	volume       = 39,
	number       = 6,
	pages        = {897--922}
}
@article{greengard1987fast,
	title        = {A fast algorithm for particle simulations},
	author       = {L Greengard and V Rokhlin},
	year         = 1987,
	journal      = {J. Comput. Phys.},
	publisher    = {Elsevier},
	volume       = 73,
	number       = 2,
	pages        = {325--348},
	issn         = {0021-9991}
}
@article{greengard2018anisotropic,
	title        = {{The anisotropic truncated kernel method for convolution with free-space Green's functions}},
	author       = {Greengard, Leslie and Jiang, Shidong and Zhang, Yong},
	year         = 2018,
	journal      = {SIAM J. Sci. Comput.},
	volume       = 40,
	number       = 6,
	pages        = {A3733-A3754}
}
@article{greengard2023dual,
	title        = {A Dual-space multilevel kernel-splitting framework for discrete and continuous convolution},
	author       = {Greengard, Leslie and Jiang, Shidong},
	year         = 2023,
	journal      = {arXiv:2308.00292}
}
@article{gronbech1997lekner,
	title        = {{L}ekner summation of {C}oulomb interactions in partially periodic systems},
	author       = {Gronbech-Jensen, Niels and Hummer, Gerhard and Beardmore, Keith M},
	year         = 1997,
	journal      = {Mol. Phys.},
	publisher    = {Taylor \& Francis},
	volume       = 92,
	number       = 5,
	pages        = {941--946}
}
@article{grzybowski2000ewald,
	title        = {Ewald summation of electrostatic interactions in molecular dynamics of a three-dimensional system with periodicity in two directions},
	author       = {Grzybowski, A and Gw{\'o}{\'z}d{\'z}, E and Br{\'o}dka, A},
	year         = 2000,
	journal      = {Phys. Rev. B},
	publisher    = {APS},
	volume       = 61,
	number       = 10,
	pages        = 6706
}
@article{Guan2016Hybird,
	title        = {Hybrid {M}onte {C}arlo and continuum modeling of electrolytes with concentration-induced dielectric variations},
	author       = {Guan, Xiaofei and Ma, Manman and Gan, Zecheng and Xu, Zhenli and Li, Bo},
	year         = 2016,
	month        = {Nov},
	journal      = {Phys. Rev. E},
	publisher    = {American Physical Society},
	volume       = 94,
	pages        = {053312},
	issue        = 5,
	numpages     = 13
}
@book{hansen2013theory,
	title        = {{Theory of Simple Liquids: With Applications to Soft Matter}},
	author       = {Hansen, Jean-Pierre and McDonald, Ian Ranald},
	year         = 2013,
	publisher    = {Academic {P}ress}
}
@article{Hasted2004Dielectric,
	title        = {{Dielectric {P}roperties of {A}queous {I}onic {S}olutions. {P}arts {I} and {II}}},
	author       = {Hasted, J. B. and Ritson, D. M. and Collie, C. H.},
	year         = 2004,
	month        = 12,
	journal      = {J. Chem. Phys.},
	volume       = 16,
	number       = 1,
	pages        = {1--21},
	issn         = {0021-9606}
}
@article{Hastings1970Bio,
	title        = {{Monte Carlo} Sampling Methods Using {Markov} Chains and Their Applications},
	author       = {W. K. Hastings},
	year         = 1970,
	journal      = {Biometrika},
	publisher    = {{Oxford University Press, Biometrika Trust}},
	volume       = 57,
	number       = 1,
	pages        = {97--109}
}
author = {Hardy, David J. and Wu, Zhe and Phillips, James C. and Stone, John E. and Skeel, Robert D. and Schulten, Klaus},
title = {Multilevel summation method for electrostatic force evaluation},
journal = {J. Chem. Theory Comput.},
volume = {11},
number = {2},
pages = {766-779},
year = {2015},
}
@article{hastings1970monte,
	title        = {{Monte Carlo sampling methods using Markov chains and their applications}},
	author       = {Hastings, W. K.},
	year         = 1970,
	journal      = {Biometrika},
	volume       = 57,
	number       = 1,
	pages        = {97--109}
}
@article{hautman1992ewald,
	title        = {An {E}wald summation method for planar surfaces and interfaces},
	author       = {Hautman, Joseph and Klein, Michael L},
	year         = 1992,
	journal      = {Mol. Phys.},
	publisher    = {Taylor \& Francis},
	volume       = 75,
	number       = 2,
	pages        = {379--395}
}
@article{herzog2018exponential,
	title        = {{Exponential relaxation of the Nos{\'e}--Hoover thermostat under Brownian heating}},
	author       = {Herzog, David P},
	year         = 2018,
	journal      = {Commun. Math. Sci.},
	publisher    = {International Press of Boston},
	volume       = 16,
	number       = 8,
	pages        = {2231--2260}
}
@article{heyes1977molecular,
	title        = {Molecular dynamics computer simulation of surface properties of crystalline potassium chloride},
	author       = {Heyes, DM and Barber, M and Clarke, JHR},
	year         = 1977,
	journal      = {J. Chem. Soc., Faraday Trans. 2},
	publisher    = {Royal Society of Chemistry},
	volume       = 73,
	number       = 7,
	pages        = {1485--1496}
}
@book{hille2001ionic,
	title        = {{Ionic Channels of Excitable Membranes}},
	author       = {Hille, Bertil},
	year         = 2001,
	publisher    = {Oxford University Press}
}
@book{hockney2021computer,
	title        = {Computer simulation using particles},
	author       = {Hockney, Roger W and Eastwood, James W},
	year         = 2021,
	publisher    = {crc Press}
}
@article{homes2001optical,
	title        = {Optical response of high-dielectric-constant perovskite-related oxide},
	author       = {Homes, CC and Vogt, T and Shapiro, SM and Wakimoto, S and Ramirez, AP},
	year         = 2001,
	journal      = {Science},
	publisher    = {American Association for the Advancement of Science},
	volume       = 293,
	number       = 5530,
	pages        = {673--676}
}
@article{hong1992dielectric,
	title        = {Dielectric confinement effect on excitons in {P}b{I} 4-based layered semiconductors},
	author       = {Hong, X and Ishihara, T and Nurmikko, AV},
	year         = 1992,
	journal      = {Phys. Rev. B},
	publisher    = {APS},
	volume       = 45,
	number       = 12,
	pages        = 6961
}
@article{hoover1985canonical,
	title        = {{Canonical dynamics: Equilibrium phase-space distributions}},
	author       = {Hoover, William G},
	year         = 1985,
	journal      = {Phys. Rev. A},
	publisher    = {American Physical Society},
	volume       = 31,
	number       = 3,
	pages        = 1695
}
@article{Hou2009PRL,
	title        = {{Self-diffusion in 2D dusty-plasma liquids: Numerical-simulation results}},
	author       = {Hou, Lu-Jing and Piel, Alexander and Shukla, P. K.},
	year         = 2009,
	month        = {Feb},
	journal      = {Phys. Rev. Lett.},
	publisher    = {American Physical Society},
	volume       = 102,
	pages        = {085002},
	issue        = 8,
	numpages     = 4
}
@article{hu2010efficient,
	title        = {{Efficient solutions of self-consistent mean field equations for dewetting and electrostatics in nonuniform liquids}},
	author       = {Hu, Zhonghan and Weeks, John D.},
	year         = 2010,
	month        = {Sep},
	journal      = {Phys. Rev. Lett.},
	publisher    = {American Physical Society},
	volume       = 105,
	pages        = 140602,
	issue        = 14,
	numpages     = 4
}
@article{hu2014symmetry,
	title        = {Symmetry-preserving mean field theory for electrostatics at interfaces},
	author       = {Hu, Zhonghan},
	year         = 2014,
	journal      = {Chem. Commun.},
	publisher    = {The Royal Society of Chemistry},
	volume       = 50,
	pages        = {14397--14400},
	issue        = 92
}
@article{huang2024pmc,
	title        = {{PMC-IZ: A simple algorithm for the electrostatics calculation in slab geometric molecular dynamics simulations}},
	author       = {Huang, Yu-Peng and Xia, Yijie and Yang, Lijiang and Gao, Yi Qin},
	year         = 2024,
	journal      = {J. Chem. Theory Comput.},
	publisher    = {ACS Publications},
	volume       = 20,
	number       = 2,
	pages        = {832--841}
}
@article{huckel1923theory,
	title        = {The theory of electrolytes: {I}. lowering of freezing point and related phenomena},
	author       = {H{\"u}ckel, E and Debye, P},
	year         = 1923,
	journal      = {Phys. Z},
	volume       = 24,
	number       = {185-206},
	pages        = 1
}
@article{hurd1985diffusion,
	title        = {Diffusion-{L}imited {A}ggregation in {T}wo {D}imensions},
	author       = {Hurd, Alan J. and Schaefer, Dale W.},
	year         = 1985,
	month        = {Mar},
	journal      = {Phys. Rev. Lett.},
	publisher    = {American Physical Society},
	volume       = 54,
	pages        = {1043--1046},
	issue        = 10,
	numpages     = {0}
}
@article{jackson1999classical,
	title        = {Classical Electrodynamics, 3rd ed.},
	author       = {Jackson, J. D. and Fox, Ronald F.},
	year         = 1999,
	month        = {09},
	journal      = {American Journal of Physics},
	volume       = 67,
	number       = 9,
	pages        = {841--842},
	issn         = {0002-9505},
	eprint       = {https://pubs.aip.org/aapt/ajp/article-pdf/67/9/841/7528211/841\_2\_online.pdf}
}
@book{jackson2021classical,
	title        = {Classical electrodynamics},
	author       = {Jackson, John David},
	year         = 2021,
	publisher    = {John Wiley \& Sons}
}
@article{jadhao2012simulation,
	title        = {Simulation of {C}harged {S}ystems in {H}eterogeneous {D}ielectric {M}edia via a {T}rue {E}nergy {F}unctional},
	author       = {Jadhao, Vikram and Solis, Francisco J and De La Cruz, Monica Olvera},
	year         = 2012,
	journal      = {Phys. Rev. Lett.},
	volume       = 109,
	number       = 22,
	pages        = 223905
}
@article{jadhao2013variational,
	title        = {A variational formulation of electrostatics in a medium with spatially varying dielectric permittivity},
	author       = {Jadhao, Vikram and Solis, Francisco J and Olvera de la Cruz, Monica},
	year         = 2013,
	journal      = {J. Chem. Phys.},
	publisher    = {AIP Publishing},
	volume       = 138,
	number       = 5
}
author = {Huang, Yu-Peng and Xia, Yijie and Yang, Lijiang and Gao, Yi Qin},
    title = {{PMC-IZ: A simple algorithm for the electrostatics calculation in slab geometric molecular dynamics simulations}},
    journal = {J. Chem. Theory Comput.},
    volume = {20},
    issue = {2},
    pages  ="832-841",
    year = {2024},
    publisher = {American Chemical Society}
}
@article{jiang2008efficient,
	title        = {{Efficient representation of nonreflecting boundary conditions for the time-dependent Schr{\"o}dinger equation in two dimensions}},
	author       = {Jiang, Shidong and Greengard, Leslie},
	year         = 2008,
	journal      = {Commun. Pur. Appl. Math.},
	publisher    = {Wiley Online Library},
	volume       = 61,
	number       = 2,
	pages        = {261--288}
}
@article{Jiang2008EfficientRO,
	title        = {Efficient representation of nonreflecting boundary conditions for the time‐dependent Schr{\"o}dinger equation in two dimensions},
	author       = {Shidong Jiang and Leslie Greengard},
	year         = 2008,
	journal      = {Commun. Pur. Appl. Math.},
	publisher    = {Wiley Online Library},
	volume       = 61,
	number       = 2,
	pages        = {261--288}
}
@article{jiang2021approximating,
	title        = {Approximating the Gaussian as a sum of exponentials and its applications to the fast Gauss transform},
	author       = {Jiang, Shidong and Greengard, Leslie},
	year         = 2022,
	journal      = {Communications in Computational Physics},
	volume       = 31,
	number       = 1,
	pages        = {1--26}
}
@article{jiaxing2019AML,
	title        = {Dielectric Effects on Ion Transport in Polyelectrolyte Brushes},
	author       = {Yuan, Jiaxing and Antila, Hanne S. and Luijten, Erik},
	year         = 2019,
	journal      = {ACS Macro Lett.},
	volume       = 8,
	number       = 2,
	pages        = {183--187}
}
@article{jin2020random,
	title        = {Random batch methods ({RBM}) for interacting particle systems},
	author       = {Jin, Shi and Li, Lei and Liu, Jian-Guo},
	year         = 2020,
	journal      = {J. Comput. Phys.},
	publisher    = {Elsevier},
	volume       = 400,
	pages        = 108877
}
@article{jin2021convergence,
	title        = {Convergence of random batch method for interacting particles with disparate species and weights},
	author       = {Jin, Shi and Li, Lei and Liu, Jian-Guo},
	year         = 2021,
	journal      = {SIAM J. Numer. Anal.},
	publisher    = {SIAM},
	volume       = 59,
	number       = 2,
	pages        = {746--768}
}
@article{jin2021random,
	title        = {A random batch {E}wald method for particle systems with {C}oulomb interactions},
	author       = {Jin, Shi and Li, Lei and Xu, Zhenli and Zhao, Yue},
	year         = 2021,
	journal      = {SIAM J. Sci. Comput.},
	publisher    = {SIAM},
	volume       = 43,
	number       = 4,
	pages        = {B937--B960}
}
@incollection{jin2021randomquantum,
	title        = {Random batch methods for classical and quantum interacting particle systems and statistical samplings},
	author       = {Jin, Shi and Li, Lei},
	year         = 2021,
	booktitle    = {Active Particles, Volume 3: Advances in Theory, Models, and Applications},
	publisher    = {Springer},
	pages        = {153--200}
}
@article{jin2022mean,
	title        = {On the mean field limit of the random batch method for interacting particle systems},
	author       = {Jin, Shi and Li, Lei},
	year         = 2022,
	journal      = {Sci. China Math.},
	publisher    = {Springer},
	volume       = 65,
	pages        = {169--202}
}
@article{Jin2022MMS,
	title        = {{On the random batch method for second order interacting particle systems}},
	author       = {Jin, Shi and Li, Lei and Sun, Yiqun},
	year         = 2022,
	journal      = {Multiscale Model. Simul.},
	volume       = 20,
	number       = 2,
	pages        = {741--768}
}
@article{jin2023ergodicity,
	title        = {Ergodicity and long-time behavior of the random batch method for interacting particle systems},
	author       = {Jin, Shi and Li, Lei and Ye, Xuda and Zhou, Zhennan},
	year         = 2023,
	journal      = {Math. Models Methods Appl. Sci.},
	publisher    = {World Scientific},
	volume       = 33,
	number       = {01},
	pages        = {67--102}
}
@article{jones2011adaptive,
	title        = {Adaptive stochastic methods for sampling driven molecular systems},
	author       = {Jones, Andrew and Leimkuhler, Ben},
	year         = 2011,
	journal      = {J. Chem. Phys.},
	publisher    = {American Institute of Physics},
	volume       = 135,
	number       = 8,
	pages        = {084125}
}
@article{joyce2011quasistationary,
	title        = {Quasistationary states in the self-gravitating sheet model},
	author       = {Joyce, Michael and Worrakitpoonpon, Tirawut},
	year         = 2011,
	month        = {Jul},
	journal      = {Phys. Rev. E},
	publisher    = {American Physical Society},
	volume       = 84,
	pages        = {011139},
	issue        = 1,
	numpages     = 15
}
@article{Julia-2017,
	title        = {Julia: {A} fresh approach to numerical computing},
	author       = {Bezanson, Jeff and Edelman, Alan and Karpinski, Stefan and Shah, Viral B},
	year         = 2017,
	journal      = {SIAM {R}ev.},
	publisher    = {SIAM},
	volume       = 59,
	number       = 1,
	pages        = {65--98}
}
% bib for negative permittivity
@article{kana2016thermally,
	title        = {Thermally driven sign switch of static dielectric constant of {V}{O}${}_2$ thin film},
	author       = {Kana, JB Kana and Vignaud, G and Gibaud, A and Maaza, Malik},
	year         = 2016,
	journal      = {Opt. Mater.},
	publisher    = {Elsevier},
	volume       = 54,
	pages        = {165--169}
}
@article{katan2019quantum,
	title        = {Quantum and dielectric confinement effects in lower-dimensional hybrid perovskite semiconductors},
	author       = {Katan, Claudine and Mercier, Nicolas and Even, Jacky},
	year         = 2019,
	journal      = {Chem. Rev.},
	publisher    = {ACS Publications},
	volume       = 119,
	number       = 5,
	pages        = {3140--3192}
}
@inproceedings{kawamoto2002history,
	title        = {The history of liquid-crystal display and its industry},
	author       = {Kawamoto, Hirohisa},
	year         = 2012,
	booktitle    = {{2012 Third IEEE History of Electro-technology Conference (HISTELCON)}},
	volume       = {},
	number       = {},
	pages        = {1--6},
	keywords     = {Liquid crystal displays;Industries;Liquid crystals;Glass;TV;Thin film transistors;IP networks;Active Matrix;Fluorinated Liquid-Crystals;Heilmeier;Helfrich;IPS;Sharp;TN Mode}
}
@article{kawata2001rapid,
	title        = {Rapid calculation of two-dimensional {E}wald summation},
	author       = {Kawata, Masaaki and Mikami, Masuhiro},
	year         = 2001,
	journal      = {Chem. Phys. Lett.},
	publisher    = {Elsevier},
	volume       = 340,
	number       = {1-2},
	pages        = {157--164}
}
@article{kim2017imaging,
	title        = {Imaging the polymerization of multivalent nanoparticles in solution},
	author       = {Kim, Juyeong and Ou, Zihao and Jones, Matthew R and Song, Xiaohui and Chen, Qian},
	year         = 2017,
	journal      = {Nat. Commun.},
	publisher    = {Nature Publishing Group UK London},
	volume       = 8,
	number       = 1,
	pages        = 761
}
@incollection{kloeden1992stochastic,
	title        = {Stochastic differential equations},
	author       = {Kloeden, Peter E and Platen, Eckhard},
	year         = 1992,
	booktitle    = {Numerical Solution of Stochastic Differential Equations},
	publisher    = {Springer},
	pages        = {103--160}
}
@book{kloeden2011numerical,
	title        = {Numerical Solution of Stochastic Differential Equations},
	author       = {Kloeden, P.E. and Platen, E.},
	year         = 2011,
	publisher    = {Springer Berlin Heidelberg},
	series       = {Stochastic Modelling and Applied Probability},
	isbn         = 9783540540625,
	lccn         = 92015916
}
@article{ko2021model,
	title        = {Model predictive control with random batch methods for a guiding problem},
	author       = {Ko, Dongnam and Zuazua, Enrique},
	year         = 2021,
	journal      = {Math. Models Methods Appl. Sci.},
	publisher    = {World Scientific},
	volume       = 31,
	number       = {08},
	pages        = {1569--1592}
}
@article{kohnke2020gpu,
	title        = {{A GPU-accelerated fast multipole method for GROMACS: performance and accuracy}},
	author       = {Kohnke, Bartosz and Kutzner, Carsten and Grubm$\ddot{\text{u}}$ller, Helmut},
	year         = 2020,
	journal      = {J. Chem. Theory Comput.},
	publisher    = {ACS Publications},
	volume       = 16,
	number       = 11,
	pages        = {6938--6949}
}
@article{kolafa1992cutoff,
	title        = {{Cutoff errors in the Ewald summation formulae for point charge systems}},
	author       = {Kolafa, Jiri and Perram, John W},
	year         = 1992,
	journal      = {Mol. Simulat.},
	publisher    = {Taylor \& Francis},
	volume       = 9,
	number       = 5,
	pages        = {351--368}
}
@software{kolbe_2024_10912241,
	title        = {nklb/wasserstein-distance: v1.0},
	author       = {Kolbe, Niklas},
	year         = 2024,
	month        = apr,
	publisher    = {Zenodo},
	version      = {v1.0}
}
@article{Kornyshev1996Static,
	title        = {Static {N}onlocal {D}ielectric {F}unction of {L}iquid {W}ater},
	author       = {Bopp, Philippe A. and Kornyshev, Alexei A. and Sutmann, Godehard},
	year         = 1996,
	month        = {Feb},
	journal      = {Phys. Rev. Lett.},
	publisher    = {American Physical Society},
	volume       = 76,
	pages        = {1280--1283},
	issue        = 8,
	numpages     = {0}
}
@article{Kornyshev1998Frequency,
	title        = {Frequency and wave-vector dependent dielectric function of water: {C}ollective modes and relaxation spectra},
	author       = {Bopp, Philippe A. and Kornyshev, Alexei A. and Sutmann, Godehard},
	year         = 1998,
	month        = {08},
	journal      = {J. Chem. Phys.},
	volume       = 109,
	number       = 5,
	pages        = {1939--1958},
	issn         = {0021-9606}
}
@article{Kornyshev2021Nonlocal,
	title        = {Nonlocal {D}ielectric {R}esponse of {W}ater in {N}anoconfinement},
	author       = {Monet, G. and Bresme, F. and Kornyshev, A. and Berthoumieux, H.},
	year         = 2021,
	month        = {May},
	journal      = {Phys. Rev. Lett.},
	publisher    = {American Physical Society},
	volume       = 126,
	pages        = 216001,
	issue        = 21,
	numpages     = 7
}
@article{kumar2012tunable,
	title        = {{Tunable dielectric response of transition metals dichalcogenides MX2 (M= Mo, W; X= S, Se, Te): Effect of quantum confinement}},
	author       = {Kumar, Ashok and Ahluwalia, PK},
	year         = 2012,
	journal      = {Physica B},
	publisher    = {Elsevier},
	volume       = 407,
	number       = 24,
	pages        = {4627--4634}
}
@article{LAMMPS,
	title        = {{LAMMPS} - a flexible simulation tool for particle-based materials modeling at the atomic, meso, and continuum scales},
	author       = {A. P. Thompson and H. M. Aktulga and R. Berger and others},
	year         = 2022,
	journal      = {Comp. Phys. Comm.},
	volume       = 271,
	pages        = 108171
}
@article{lekner1991summation,
	title        = {Summation of {C}oulomb fields in computer-simulated disordered systems},
	author       = {Lekner, John},
	year         = 1991,
	journal      = {Physica A},
	publisher    = {Elsevier},
	volume       = 176,
	number       = 3,
	pages        = {485--498}
}
@article{lekner2012electrostatics,
	title        = {Electrostatics of two charged conducting spheres},
	author       = {Lekner, John},
	year         = 2012,
	journal      = {Proc. R. Soc. A},
	publisher    = {The Royal Society Publishing},
	volume       = 468,
	number       = 2145,
	pages        = {2829--2848}
}
@article{levin:PRL:2008,
	title        = {Collisionless relaxation in non-neutral plasmas},
	author       = {Levin, Yan and Pakter, Renato and Teles, Tarcisio N},
	year         = 2008,
	journal      = {Phys. Rev. Lett.},
	publisher    = {APS},
	volume       = 100,
	number       = 4,
	pages        = {040604}
}
@article{levin2002electrostatic,
	title        = {Electrostatic correlations: from plasma to biology},
	author       = {Yan Levin},
	year         = 2002,
	month        = {sep},
	journal      = {Rep. Prog. Phys.},
	publisher    = {IOP Publishing},
	volume       = 65,
	number       = 11,
	pages        = 1577
}
@article{li2019stochastic,
	title        = {A stochastic version of Stein variational gradient descent for efficient sampling},
	author       = {Li, Lei and Li, Yingzhou and Liu, Jian-Guo and Liu, Zibu and Lu, Jianfeng},
	year         = 2020,
	journal      = {Communications in Applied Mathematics and Computational Science},
	publisher    = {Mathematical Sciences Publishers},
	volume       = 15,
	number       = 1,
	pages        = {37--63}
}
@article{li2020random,
	title        = {A random-batch Monte Carlo method for many-body systems with singular kernels},
	author       = {Li, Lei and Xu, Zhenli and Zhao, Yue},
	year         = 2020,
	journal      = {SIAM Journal on Scientific Computing},
	publisher    = {SIAM},
	volume       = 42,
	number       = 3,
	pages        = {A1486--A1509}
}
@article{li2024noteaccuratepressurecalculations,
	title        = {A note on accurate pressure calculations of {C}oulomb systems with periodic boundary conditions},
	author       = {Lei Li and Jiuyang Liang and Zhenli Xu},
	year         = 2024,
	journal      = {arXiv 2406.05627}
}
@article{liang2020harmonic,
	title        = {Harmonic surface mapping algorithm for molecular dynamics simulations of particle systems with planar dielectric interfaces},
	author       = {Liang, Jiuyang and Yuan, Jiaxing and Luijten, Erik and Xu, Zhenli},
	year         = 2020,
	journal      = {J. Chem. Phys.},
	volume       = 152,
	number       = 13,
	pages        = 134109
}
@article{liang2021random,
	title        = {{Random-batch list algorithm for short-range molecular dynamics simulations}},
	author       = {Liang, Jiuyang and Xu, Zhenli and Zhao, Yue},
	year         = 2021,
	month        = {07},
	journal      = {J. Chem. Phys.},
	volume       = 155,
	number       = 4,
	pages        = {044108},
	issn         = {0021-9606}
}
@article{liang2022hsma,
	title        = {{HSMA: An $O(N)$ electrostatics package implemented in LAMMPS}},
	author       = {Liang, Jiuyang and Yuan, Jiaxing and Xu, Zhenli},
	year         = 2022,
	journal      = {Comput. Phys. Commun.},
	publisher    = {Elsevier},
	volume       = 276,
	pages        = 108332
}
@article{liang2022improved,
	title        = {{Improved random batch Ewald method in molecular dynamics simulations}},
	author       = {Liang, Jiuyang and Xu, Zhenli and Zhao, Yue},
	year         = 2022,
	journal      = {J. Phys. Chem. A},
	volume       = 126,
	number       = 22,
	pages        = {3583--3593}
}
@article{liang2022random,
	title        = {{A random batch Ewald method for charged particles in the isothermal--isobaric ensemble}},
	author       = {Liang, Jiuyang and Tan, Pan and Hong, Liang and Jin, Shi and Xu, Zhenli and Li, Lei},
	year         = 2022,
	journal      = {J. Chem. Phys.},
	publisher    = {AIP Publishing},
	volume       = 157,
	number       = 14,
	pages        = 144102
}
@article{liang2022superscalability,
	title        = {Superscalability of the random batch {E}wald method},
	author       = {Liang, Jiuyang and Tan, Pan and Zhao, Yue and Li, Lei and Jin, Shi and Hong, Liang and Xu, Zhenli},
	year         = 2022,
	journal      = {J. Comput. Phys.},
	publisher    = {AIP Publishing},
	volume       = 156,
	number       = 1,
	pages        = {014114}
}
@article{liang2023error,
	title        = {Error estimate of the u-series method for molecular dynamics simulations},
	author       = {Liang, Jiuyang and Xu, Zhenli and Zhou, Qi},
	year         = 2025,
	journal      = {Appl. Comput. Harmon. Anal.},
	pages        = 101759,
	issn         = {1063-5203}
}
@article{liang2023random,
	title        = {Random Batch Sum-of-{G}aussians Method for Molecular Dynamics Simulations of Particle Systems},
	author       = {Liang, Jiuyang and Xu, Zhenli and Zhou, Qi},
	year         = 2023,
	journal      = {SIAM J. Sci. Comput.},
	volume       = 45,
	number       = 5,
	pages        = {B591-B617}
}
@article{liang2023SISC,
	title        = {{Random batch sum-of-Gaussians method for molecular dynamics simulations of particle systems}},
	author       = {Liang, Jiuyang and Xu, Zhenli and Zhou, Qi},
	year         = 2023,
	journal      = {SIAM J. Sci. Comput.},
	volume       = 45,
	number       = 5,
	pages        = {B591-B617}
}
@article{liang2024JCP,
	title        = {{Energy stable scheme for random batch molecular dynamics}},
	author       = {Liang, Jiuyang and Xu, Zhenli and Zhao, Yue},
	year         = 2024,
	journal      = {J. Chem. Phys.},
	volume       = 160,
	number       = 3,
	pages        = {034101}
}
@book{lin2004numerical,
	title        = {Numerical inversion of Laplace transforms by the trapezoidal-type methods},
	author       = {Lin, FuSen Frank},
	year         = 2004,
	publisher    = {Oregon State University}
}
@article{lindbo2012fast,
	title        = {Fast and spectrally accurate {E}wald summation for 2-periodic electrostatic systems},
	author       = {Lindbo, Dag and Tornberg, Anna-Karin},
	year         = 2012,
	journal      = {J. Chem. Phys.},
	volume       = 136,
	number       = 16,
	pages        = 164111
}
@article{liu20192d,
	title        = {{2D materials for quantum information science}},
	author       = {Liu, Xiaolong and Hersam, Mark C},
	year         = 2019,
	journal      = {Nat. Rev. Mater.},
	publisher    = {Nature Publishing Group UK London},
	volume       = 4,
	number       = 10,
	pages        = {669--684}
}
@article{Loche2020universal,
	title        = {Universal and Nonuniversal Aspects of Electrostatics in Aqueous Nanoconfinement},
	author       = {Loche, Philip and Ayaz, Cihan and Wolde-Kidan, Amanuel and Schlaich, Alexander and Netz, Roland R.},
	year         = 2020,
	journal      = {J. Phys. Chem. B},
	volume       = 124,
	number       = 21,
	pages        = {4365--4371}
}
@article{lopez2004numerical,
	title        = {On the numerical inversion of the {L}aplace transform of certain holomorphic mappings},
	author       = {M. L$\acute{\text{o}}$pez-Fern$\acute{\text{a}}$ndez and C. Palencia},
	year         = 2004,
	journal      = {Appl. Numer. Math.},
	volume       = 51,
	number       = 2,
	pages        = {289--303},
	issn         = {0168-9274}
}
@article{lotito2017approaches,
	title        = {Approaches to self-assembly of colloidal monolayers: {A} guide for nanotechnologists},
	author       = {Lotito, Valeria and Zambelli, Tomaso},
	year         = 2017,
	journal      = {Adv. Colloid Interface Sci.},
	publisher    = {Elsevier},
	volume       = 246,
	pages        = {217--274}
}
@article{Lyashchenko1998Complex,
	title        = {Complex dielectric permittivity and relaxation parameters of concentrated aqueous electrolyte solutions in millimeter and centimeter wavelength ranges},
	author       = {A.K. Lyashchenko and A.Yu. Zasetsky},
	year         = 1998,
	journal      = {J. Mol. Liq.},
	volume       = 77,
	number       = 1,
	pages        = {61--75},
	issn         = {0167-7322}
}
@article{ma2021modified,
	title        = {Modified {P}oisson--{N}ernst--{P}lanck Model with {C}oulomb and Hard-sphere Correlations},
	author       = {Ma, Manman and Xu, Zhenli and Zhang, Liwei},
	year         = 2021,
	journal      = {SIAM J. Appl. Math.},
	volume       = 81,
	number       = 4,
	pages        = {1645--1667}
}
@article{maggs2002local,
	title        = {Local {S}imulation {A}lgorithms for {C}oulomb {I}nteractions},
	author       = {Maggs, AC and Rossetto, Vincent},
	year         = 2002,
	journal      = {Phys. Rev. Lett.},
	volume       = 88,
	number       = 19,
	pages        = 196402
}
@article{makarov2000exponentially,
	title        = {{Exponentially convergent parallel discretization methods for the first order evolution equations}},
	author       = {Ivan Gavrilyuk and Vladimir L. Makarov},
	year         = 2001,
	journal      = {J. Comput. Methods Appl. Math.},
	volume       = 1,
	number       = 4,
	pages        = {333--355}
}
@article{MandtMatthew2017SGDApproximateBayesian,
	title        = {Stochastic Gradient Descent as Approximate Bayesian Inference},
	author       = {Mandt, Stephan and Hoffman, Matthew D and Blei, David M},
	year         = 2017,
	journal      = {Journal of Machine Learning Research},
	volume       = 18,
	pages        = {1--35}
}
@article{mangold2003phase,
	title        = {Phase transitions of colloidal monolayers in periodic pinning arrays},
	author       = {Mangold, Konrad and Leiderer, Paul and Bechinger, Clemens},
	year         = 2003,
	month        = {Apr},
	journal      = {Phys. Rev. Lett.},
	publisher    = {American Physical Society},
	volume       = 90,
	pages        = 158302
}
@article{martyna1996explicit,
	title        = {Explicit reversible integrators for extended systems dynamics},
	author       = {Martyna, Glenn J and Tuckerman, Mark E and Tobias, Douglas J and Klein, Michael L},
	year         = 1996,
	journal      = {Mol. Phys.},
	publisher    = {Taylor \& Francis},
	volume       = 87,
	number       = 5,
	pages        = {1117--1157}
}
@article{mattingly2002ergodicity,
	title        = {Ergodicity for SDEs and approximations: locally Lipschitz vector fields and degenerate noise},
	author       = {Mattingly, Jonathan C and Stuart, Andrew M and Higham, Desmond J},
	year         = 2002,
	journal      = {Stochastic processes and their applications},
	publisher    = {Elsevier},
	volume       = 101,
	number       = 2,
	pages        = {185--232}
}
@article{maxian2021fast,
	title        = {A fast spectral method for electrostatics in doubly periodic slit channels},
	author       = {Maxian, Ondrej and Pel{\'a}ez, Ra{\'u}l P and Greengard, Leslie and Donev, Aleksandar},
	year         = 2021,
	journal      = {J. Chem. Phys.},
	volume       = 154,
	number       = 20,
	pages        = 204107
}
@article{mazars2005lekner,
	title        = {Lekner summations and {E}wald summations for quasi-two-dimensional systems},
	author       = {Mazars, Martial},
	year         = 2005,
	journal      = {Mol. Phys.},
	volume       = 103,
	number       = 9,
	pages        = {1241--1260}
}
@article{mazars2011long,
	title        = {Long ranged interactions in computer simulations and for quasi-2{D} systems},
	author       = {Mazars, Martial},
	year         = 2011,
	journal      = {Phys. Rep.},
	volume       = 500,
	pages        = {43--116}
}
@article{mccann2006landau,
	title        = {Landau-level degeneracy and quantum {H}all effect in a graphite bilayer},
	author       = {McCann, Edward and Fal’ko, Vladimir I},
	year         = 2006,
	journal      = {Phys. Rev. Lett.},
	publisher    = {APS},
	volume       = 96,
	number       = 8,
	pages        = {086805}
}
@article{mcgorty2010colloidal,
	title        = {Colloidal self-assembly at an interface},
	author       = {McGorty, Ryan and Fung, Jerome and Kaz, David and Manoharan, Vinothan N},
	year         = 2010,
	journal      = {Mater. Today},
	publisher    = {Elsevier},
	volume       = 13,
	number       = 6,
	pages        = {34--42}
}
@article{mcmillan1945statistical,
	title        = {The {S}tatistical {T}hermodynamics of {M}ulticomponent {S}ystems},
	author       = {McMillan Jr, William G and Mayer, Joseph E},
	year         = 1945,
	journal      = {J. Chem. Phys.},
	publisher    = {American Institute of Physics},
	volume       = 13,
	number       = 7,
	pages        = {276--305}
}
@article{Mermin1996absence,
	title        = {Absence of ferromagnetism or antiferromagnetism in one- or two-dimensional isotropic {H}eisenberg models},
	author       = {Mermin, N. D. and Wagner, H.},
	year         = 1966,
	month        = {Nov},
	journal      = {Phys. Rev. Lett.},
	publisher    = {American Physical Society},
	volume       = 17,
	pages        = {1133--1136},
	issue        = 22,
	numpages     = {0}
}
@article{messina2004effect,
	title        = {Effect of image forces on polyelectrolyte adsorption at a charged surface},
	author       = {Messina, Ren{\'e}},
	year         = 2004,
	journal      = {Phys. Rev. E},
	volume       = 70,
	number       = 5,
	pages        = {051802}
}
@article{Messina2017PRL,
	title        = {{Dipolar crystals: The crucial role of the clinohexagonal prism phase}},
	author       = {Spiteri, Ludovic and Messina, Ren\'e},
	year         = 2017,
	journal      = {Phys. Rev. Lett.},
	volume       = 119,
	pages        = 155501,
	issue        = 15,
	numpages     = 5
}
@article{metropolis1953equation,
	title        = {Equation of state calculations by fast computing machines},
	author       = {Metropolis, Nicholas and Rosenbluth, Arianna W and Rosenbluth, Marshall N and Teller, Augusta H and Teller, Edward},
	year         = 1953,
	journal      = {The journal of chemical physics},
	publisher    = {American Institute of Physics},
	volume       = 21,
	number       = 6,
	pages        = {1087--1092}
}
@book{meyn2012markov,
	title        = {Markov chains and stochastic stability},
	author       = {Meyn, Sean P and Tweedie, Richard L},
	year         = 2012,
	publisher    = {Springer Science \& Business Media}
}
@article{minary2002new,
	title        = {A new reciprocal space based treatment of long range interactions on surfaces},
	author       = {Minary, Peter and Tuckerman, Mark E and Pihakari, Katianna A and Martyna, Glenn J},
	year         = 2002,
	journal      = {J. Chem. Phys.},
	publisher    = {American Institute of Physics},
	volume       = 116,
	number       = 13,
	pages        = {5351--5362}
}
@article{moreira2002simulations,
	title        = {Simulations of counterions at charged plates},
	author       = {Moreira, AG and Netz, RR},
	year         = 2002,
	journal      = {Eur. Phys. J. E},
	publisher    = {Springer},
	volume       = 8,
	pages        = {33--58}
}
@article{moreno2021quantum,
	title        = {Quantum nonlinear optics based on two-dimensional {R}ydberg atom arrays},
	author       = {Moreno-Cardoner, Mariona and Goncalves, Daniel and Chang, Darrick E},
	year         = 2021,
	journal      = {Phys. Rev. Lett.},
	publisher    = {APS},
	volume       = 127,
	number       = 26,
	pages        = 263602
}
@book{myint2007linear,
	title        = {{Linear Partial Differential Equations for Scientists and Engineers}},
	author       = {Myint-U, Tyn and Debnath, Lokenath},
	year         = 2007,
	publisher    = {{Springer Science \& Business Media}}
}
@article{nazarov2015negative,
	title        = {Negative static permittivity and violation of {K}ramers-{K}ronig relations in quasi-two-dimensional crystals},
	author       = {Nazarov, V. U.},
	year         = 2015,
	month        = {Oct},
	journal      = {Phys. Rev. B},
	publisher    = {American Physical Society},
	volume       = 92,
	pages        = 161402,
	issue        = 16,
	numpages     = 5
}
@article{nestler2015fast,
	title        = {{Fast Ewald summation based on NFFT with mixed periodicity}},
	author       = {Nestler, Franziska and Pippig, Michael and Potts, Daniel},
	author       = {Franziska Nestler and Michael Pippig and Daniel Potts},
	year         = 2015,
	journal      = {J. Comput. Phys.},
	volume       = 285,
	pages        = {280--315},
	issn         = {0021-9991}
}
@article{neusius2009subdiffusion,
	title        = {Subdiffusion in time-averaged, confined random walks},
	author       = {Neusius, Thomas and Sokolov, Igor M and Smith, Jeremy C},
	year         = 2009,
	journal      = {Phys. Rev. E},
	publisher    = {APS},
	volume       = 80,
	number       = 1,
	pages        = {011109}
}
@article{nguyen2019incorporating,
	title        = {Incorporating surface polarization effects into large-scale coarse-grained molecular dynamics simulation},
	author       = {Nguyen, Trung Dac and Li, Honghao and Bagchi, Debarshee and Solis, Francisco J and de la Cruz, Monica Olvera},
	year         = 2019,
	journal      = {Comput. Phys. Commun.},
	publisher    = {Elsevier},
	volume       = 241,
	pages        = {80--91}
}
@article{nishizawa1995metal,
	title        = {Metal {N}anotubule {M}embranes with {E}lectrochemically {S}witchable {I}on-{T}ransport {S}electivity},
	author       = {Nishizawa, Matsuhiko and Menon, Vinod P and Martin, Charles R},
	year         = 1995,
	journal      = {Science},
	volume       = 268,
	number       = 5211,
	pages        = {700--702}
}
@article{nose1983constant,
	title        = {Constant pressure molecular dynamics for molecular systems},
	author       = {Nos{\'e}, Shuichi and Klein, ML},
	year         = 1983,
	journal      = {Mol. Phys.},
	publisher    = {Taylor \& Francis},
	volume       = 50,
	number       = 5,
	pages        = {1055--1076}
}
@article{novoselov2004electric,
	title        = {Electric field effect in atomically thin carbon films},
	author       = {K. S. Novoselov and A. K. Geim and S. V. Morozov and D. Jiang and Y. Zhang and S. V. Dubonos and I. V. Grigorieva and A. A. Firsov},
	year         = 2004,
	journal      = {Science},
	volume       = 306,
	number       = 5696,
	pages        = {666--669}
}
@article{o2008thin,
	title        = {Thin-film sensing with planar terahertz metamaterials: sensitivity and limitations},
	author       = {O’Hara, John F and Singh, Ranjan and Brener, Igal and Smirnova, Evgenya and Han, Jiaguang and Taylor, Antoinette J and Zhang, Weili},
	year         = 2008,
	journal      = {Opt. Express},
	publisher    = {Optica Publishing Group},
	volume       = 16,
	number       = 3,
	pages        = {1786--1795}
}
@book{oberhettinger2012tables,
	title        = {{Tables of Laplace Transforms}},
	author       = {Oberhettinger, Fritz and Badii, Larry},
	year         = 2012,
	publisher    = {{Springer Science \& Business Media}}
}
@book{olver1997asymptotics,
	title        = {{Asymptotics and Special Functions}},
	author       = {Olver, Frank},
	year         = 1997,
	publisher    = {{CRC Press}}
}
@article{onoda1985direct,
	title        = {Direct observation of two-dimensional, dynamic clustering and ordering with colloids},
	author       = {Onoda, George Y.},
	year         = 1985,
	month        = {Jul},
	journal      = {Phys. Rev. Lett.},
	publisher    = {American Physical Society},
	volume       = 55,
	pages        = {226--229},
	issue        = 2,
	numpages     = {0}
}
@article{pakter2018nonequilibrium,
	title        = {Nonequilibrium {S}tatistical {M}echanics of {T}wo-{D}imensional {V}ortices},
	author       = {Pakter, Renato and Levin, Yan},
	year         = 2018,
	month        = {Jul},
	journal      = {Phys. Rev. Lett.},
	publisher    = {American Physical Society},
	volume       = 121,
	pages        = {020602},
	issue        = 2,
	numpages     = 5
}
@article{pan2014rigorous,
	title        = {Rigorous error bounds for {E}wald summation of electrostatics at planar interfaces},
	author       = {Pan, Cong and Hu, Zhonghan},
	year         = 2014,
	journal      = {J. Chem. Theory Comput.},
	publisher    = {ACS Publications},
	volume       = 10,
	number       = 2,
	pages        = {534--542}
}
@article{parry1975electrostatic,
	title        = {The electrostatic potential in the surface region of an ionic crystal},
	author       = {Parry, DE},
	year         = 1975,
	journal      = {Surf. Sci.},
	publisher    = {Elsevier},
	volume       = 49,
	number       = 2,
	pages        = {433--440}
}
@article{pei2023fast,
	title        = {A fast method for imposing periodic boundary conditions on arbitrarily-shaped lattices in two dimensions},
	author       = {Pei, Ruqi and Askham, Travis and Greengard, Leslie and Jiang, Shidong},
	year         = 2023,
	journal      = {J. Comput. Phys.},
	publisher    = {Elsevier},
	volume       = 474,
	pages        = 111792
}
@article{PhysRevB.61.6706,
	title        = {Ewald summation of electrostatic interactions in molecular dynamics of a three-dimensional system with periodicity in two directions},
	author       = {Grzybowski, A. and Gw\'o\ifmmode \acute{z}\else \'{z}\fi{}d\ifmmode \acute{z}\else \'{z}\fi{}, E. and Br\'odka, A.},
	year         = 2000,
	month        = {Mar},
	journal      = {Phys. Rev. B},
	publisher    = {American Physical Society},
	volume       = 61,
	pages        = {6706--6712},
	issue        = 10,
	numpages     = {0}
}
@article{pieranski1980two,
	title        = {Two-{D}imensional {I}nterfacial {C}olloidal {C}rystals},
	author       = {Pieranski, Pawel},
	year         = 1980,
	month        = {Aug},
	journal      = {Phys. Rev. Lett.},
	publisher    = {American Physical Society},
	volume       = 45,
	pages        = {569--572},
	issue        = 7,
	numpages     = {0}
}
@article{piessens2000hankel,
	title        = {The {H}ankel {T}ransform},
	author       = {Piessens, Robert},
	year         = 2000,
	journal      = {The Transforms and Applications Handbook},
	publisher    = {CRC Press Second, Boca Raton},
	volume       = 2,
	number       = 9
}
@article{plimpton1995fast,
	title        = {Fast parallel algorithms for short-range molecular dynamics},
	author       = {Plimpton, Steve},
	year         = 1995,
	journal      = {J. Comput. Phys.},
	publisher    = {Elsevier},
	volume       = 117,
	number       = 1,
	pages        = {1--19}
}
@article{polo2011surface,
	title        = {Surface electromagnetic waves: a review},
	author       = {Polo Jr, John A and Lakhtakia, Akhlesh},
	year         = 2011,
	journal      = {Laser Photonics Rev.},
	publisher    = {Wiley Online Library},
	volume       = 5,
	number       = 2,
	pages        = {234--246}
}
@misc{quasiewald,
	title        = {{QuasiEwald.jl: Fast algorithm for quasi-2D Coulomb systems in Julia}},
	author       = {Zecheng Gan and Xuanzhao Gao},
	year         = 2023,
	journal      = {GitHub repository},
	publisher    = {GitHub},
	howpublished = {\url{https://github.com/HPMolSim/QuasiEwald.jl}}
}
@article{quere2005non,
	title        = {Non-sticking drops},
	author       = {Qu{\'e}r{\'e}, David},
	year         = 2005,
	journal      = {Rep. Prog. Phys.},
	publisher    = {IOP Publishing},
	volume       = 68,
	number       = 11,
	pages        = 2495
}
@article{raviv2001fluidity,
	title        = {Fluidity of water confined to subnanometre films},
	author       = {Raviv, Uri and Laurat, Pierre and Klein, Jacob},
	year         = 2001,
	journal      = {Nature},
	publisher    = {Nature Publishing Group UK London},
	volume       = 413,
	number       = 6851,
	pages        = {51--54}
}
@article{robbins1951stochastic,
	title        = {{A stochastic approximation method}},
	author       = {Herbert Robbins and Sutton Monro},
	year         = 1951,
	journal      = {Ann. Appl. Stat.},
	publisher    = {Institute of Mathematical Statistics},
	volume       = 22,
	number       = 3,
	pages        = {400 -- 407}
}
@article{rostami2016highly,
	title        = {A highly accurate and efficient algorithm for electrostatic interactions of charged particles confined by parallel metallic plates},
	author       = {Rostami, Samare and Ghasemi, S Alireza and Nedaaee Oskoee, Ehsan},
	year         = 2016,
	journal      = {J. Chem. Phys.},
	publisher    = {AIP Publishing},
	volume       = 145,
	number       = 12,
	pages        = 124118
}
@article{saito2016highly,
	title        = {{Highly crystalline 2D superconductors}},
	author       = {Saito, Yu and Nojima, Tsutomu and Iwasa, Yoshihiro},
	year         = 2016,
	journal      = {Nat. Rev. Mater.},
	publisher    = {Nature Publishing Group},
	volume       = 2,
	number       = 1,
	pages        = {1--18}
}
@article{santambrogio2015optimal,
	title        = {Optimal transport for applied mathematicians},
	author       = {Santambrogio, Filippo},
	year         = 2015,
	journal      = {Birk{\"a}user},
	publisher    = {Springer},
	volume       = 55,
	number       = {58-63},
	pages        = 94
}
@article{Schlaich2016Water,
	title        = {Water {D}ielectric {E}ffects in {P}lanar {C}onfinement},
	author       = {Schlaich, Alexander and Knapp, Ernst W. and Netz, Roland R.},
	year         = 2016,
	month        = {Jul},
	journal      = {Phys. Rev. Lett.},
	publisher    = {American Physical Society},
	volume       = 117,
	pages        = {048001},
	issue        = 4,
	numpages     = 5
}
@article{shamshirgar2021fast,
	title        = {{Fast Ewald summation for electrostatic potentials with arbitrary periodicity}},
	author       = {Shamshirgar, DS and Bagge, Joar and Tornberg, A-K},
	year         = 2021,
	journal      = {J. Chem. Phys.},
	publisher    = {AIP Publishing LLC},
	volume       = 154,
	number       = 16,
	pages        = 164109
}
@article{shardlow2000perturbation,
	title        = {A perturbation theory for ergodic Markov chains and application to numerical approximations},
	author       = {Shardlow, Tony and Stuart, Andrew M},
	year         = 2000,
	journal      = {SIAM journal on numerical analysis},
	publisher    = {SIAM},
	volume       = 37,
	number       = 4,
	pages        = {1120--1137}
}
@article{shulman2007plasmalike,
	title        = {Plasmalike negative capacitance in nanocolloids},
	author       = {Shulman, Jason and Tsui, S and Chen, F and Xue, YY and Chu, CW},
	year         = 2007,
	journal      = {Appl. Phys. Lett.},
	publisher    = {American Institute of Physics},
	volume       = 90,
	number       = 3,
	pages        = {032902}
}
@article{SI,
	title        = {See {S}upplementary {I}nformation at [url] for detailed mathematical derivations, numerical quadrature scheme, its error analysis, and numerical validations, which includes refs.~\cite{dos2017simulations,liang2020harmonic,yuan2021particle,trefethen2022exactness}. Videos for the {MD} trajectories are also documented}
}
@article{smith1981electrostatic,
	title        = {Electrostatic energy in ionic crystals},
	author       = {Smith, Edgar Roderick},
	year         = 1981,
	journal      = {Proc. R. Soc. London A: Math. Phys. Sci.},
	publisher    = {The Royal Society London},
	volume       = 375,
	number       = 1763,
	pages        = {475--505}
}
@article{smith2004metamaterials,
	title        = {Metamaterials and {N}egative {R}efractive {I}ndex},
	author       = {Smith, David R and Pendry, John B and Wiltshire, Mike CK},
	year         = 2004,
	journal      = {Science},
	publisher    = {American Association for the Advancement of Science},
	volume       = 305,
	number       = 5685,
	pages        = {788--792}
}
@article{smith2008electrostatic,
	title        = {Electrostatic potentials in systems periodic in one, two, and three dimensions},
	author       = {Smith, Edgar Roderick},
	year         = 2008,
	month        = {05},
	journal      = {J. Chem. Phys.},
	publisher    = {AIP Publishing},
	volume       = 128,
	number       = 17,
	pages        = 174104,
	issn         = {0021-9606}
}
@article{sometani2000image,
	title        = {Image method for a dielectric plate and a point charge},
	author       = {Sometani, T},
	year         = 2000,
	journal      = {Eur. Phys. J.},
	publisher    = {IOP Publishing},
	volume       = 21,
	number       = 6,
	pages        = 549
}
@article{son2021image,
	title        = {Image-charge effects on ion adsorption near aqueous interfaces},
	author       = {Son, Chang Yun and Wang, Zhen-Gang},
	year         = 2021,
	journal      = {P. Nat. Acad. Sci.},
	publisher    = {National Acad Sciences},
	volume       = 118,
	number       = 19,
	pages        = {e2020615118}
}
@article{spohr1997effect,
	title        = {Effect of electrostatic boundary conditions and system size on the interfacial properties of water and aqueous solutions},
	author       = {Spohr, E},
	year         = 1997,
	journal      = {J. Chem. Phys.},
	publisher    = {American Institute of Physics},
	volume       = 107,
	number       = 16,
	pages        = {6342--6348}
}
@book{stein2011fourier,
	title        = {{Fourier Analysis: An Introduction}},
	author       = {Stein, Elias M and Shakarchi, Rami},
	year         = 2011,
	publisher    = {{Princeton University Press}},
	volume       = 1
}
@article{tao2008metamaterial,
	title        = {A metamaterial absorber for the terahertz regime: design, fabrication and characterization},
	author       = {Tao, Hu and Landy, Nathan I and Bingham, Christopher M and Zhang, Xin and Averitt, Richard D and Padilla, Willie J},
	year         = 2008,
	journal      = {Opt. Express},
	publisher    = {Optica Publishing Group},
	volume       = 16,
	number       = 10,
	pages        = {7181--7188}
}
@article{teng2003microscopic,
	title        = {Microscopic observation of confinement-induced layering and slow dynamics of dusty-plasma liquids in narrow channels},
	author       = {Teng, Lee-Wen and Tu, Pei-Shan and I, Lin},
	year         = 2003,
	month        = {Jun},
	journal      = {Phys. Rev. Lett.},
	publisher    = {American Physical Society},
	volume       = 90,
	pages        = 245004,
	issue        = 24,
	numpages     = 4
}
@article{thompson2021lammps,
	title        = {{LAMMPS-A flexible simulation tool for particle-based materials modeling at the atomic, meso, and continuum scales}},
	author       = {Thompson, Aidan P and Aktulga, H Metin and Berger, Richard and Bolintineanu, Dan S and Brown, W Michael and Crozier, Paul S and in't Veld, Pieter J and Kohlmeyer, Axel and Moore, Stan G and Nguyen, Trung Dac and \emph{et. al.}},
	year         = 2021,
	journal      = {Comput. Phys. Commun.},
	publisher    = {Elsevier},
	volume       = 271,
	pages        = 108171
}
@article{tornberg2016ewald,
	title        = {{The Ewald sums for singly, doubly and triply periodic electrostatic systems}},
	author       = {Tornberg, Anna-Karin},
	year         = 2016,
	journal      = {Adv. Comput. Math.},
	publisher    = {Springer},
	volume       = 42,
	pages        = {227--248}
}
@book{trefethen2000spectral,
	title        = {{Spectral methods in MATLAB}},
	author       = {Trefethen, Lloyd N},
	year         = 2000,
	publisher    = {SIAM}
}
@article{trefethen2006talbot,
	title        = {{Talbot quadratures and rational approximations}},
	author       = {Trefethen, Lloyd N and Weideman, J Andre C and Schmelzer, Thomas},
	year         = 2006,
	journal      = {BIT Numer. Math.},
	publisher    = {Springer},
	volume       = 46,
	pages        = {653--670}
}
@article{trefethen2014Rev,
	title        = {The exponentially convergent trapezoidal rule},
	author       = {Trefethen, Lloyd N. and Weideman, J. A. C.},
	year         = 2014,
	journal      = {SIAM Rev.},
	volume       = 56,
	number       = 3,
	pages        = {385--458}
}
@article{trefethen2022exactness,
	title        = {Exactness of {Q}uadrature {F}ormulas},
	author       = {Trefethen, Lloyd N.},
	year         = 2022,
	journal      = {SIAM Rev.},
	volume       = 64,
	number       = 1,
	pages        = {132--150}
}
@article{tyagi2007icmmm2d,
	title        = {{ICMMM2D}: An accurate method to include planar dielectric interfaces via image charge summation},
	author       = {Tyagi, Sandeep and Arnold, Axel and Holm, Christian},
	year         = 2007,
	journal      = {J. Chem. Phys.},
	volume       = 127,
	number       = 15,
	pages        = 154723
}
@article{tyagi2008electrostatic,
	title        = {{Electrostatic layer correction with image charges: A linear scaling method to treat slab 2D+h systems with dielectric interfaces}},
	author       = {Tyagi, Sandeep and Arnold, Axel and Holm, Christian},
	year         = 2008,
	journal      = {J. Chem. Phys.},
	publisher    = {AIP Publishing},
	volume       = 129,
	number       = 20,
	pages        = 204102
}
@article{tyagi2010iterative,
	title        = {{A}n iterative, fast, linear-scaling method for computing induced charges on arbitrary dielectric boundaries},
	author       = {Tyagi, Sandeep and S{\"u}zen, Mehmet and Sega, Marcello and Barbosa, Marcia and Kantorovich, Sofia S and Holm, Christian},
	year         = 2010,
	journal      = {J. Chem. Phys.},
	publisher    = {AIP Publishing},
	volume       = 132,
	number       = 15
}
@article{urzhumov2012magnetic,
	title        = {Magnetic levitation of metamaterial bodies enhanced with magnetostatic surface resonances},
	author       = {Urzhumov, Yaroslav and Chen, Wenchen and Bingham, Chris and others},
	year         = 2012,
	month        = {Feb},
	journal      = {Phys. Rev. B},
	publisher    = {American Physical Society},
	volume       = 85,
	pages        = {054430},
	issue        = 5,
	numpages     = 9
}
@article{verlet1967computer,
	title        = {{Computer ``experiments'' on classical fluids. I. Thermodynamical properties of Lennard-Jones molecules}},
	author       = {Verlet, Loup},
	year         = 1967,
	month        = {Jul},
	journal      = {Phys. Rev.},
	publisher    = {American Physical Society},
	volume       = 159,
	pages        = {98--103},
	issue        = 1,
	numpages     = {0}
}
@article{veselago1967electrodynamics,
	title        = {Electrodynamics of substances with simultaneously negative $\epsilon$ and $\nu$},
	author       = {Veselago, Viktor G},
	year         = 1967,
	journal      = {Usp Fiziol Nauk},
	volume       = 92,
	number       = 7,
	pages        = {517--526}
}
@article{vico2016fast,
	title        = {{Fast convolution with free-space Green's functions}},
	author       = {Vico, Felipe and Greengard, Leslie and Ferrando, Miguel},
	year         = 2016,
	journal      = {J. Comput. Phys.},
	publisher    = {Elsevier},
	volume       = 323,
	pages        = {191--203}
}
@article{wang2012numerical,
	title        = {{On the numerical accuracy of Ewald, smooth particle mesh Ewald, and staggered mesh Ewald methods for correlated molecular systems}},
	author       = {Wang, Han and Zhang, Pingwen and Sch{\"u}tte, Christof},
	year         = 2012,
	journal      = {J. Chem. Theory Comput.},
	publisher    = {ACS Publications},
	volume       = 8,
	number       = 9,
	pages        = {3243--3256}
}
@article{wang2016inhomogeneous,
	title        = {Inhomogeneous screening near the dielectric interface},
	author       = {Wang, Rui and Wang, Zhen-Gang},
	year         = 2016,
	journal      = {J. Chem. Phys.},
	publisher    = {AIP Publishing},
	volume       = 144,
	number       = 13
}
@article{wang2016multiple,
	title        = {Multiple staggered mesh {E}wald: Boosting the accuracy of the smooth particle mesh {E}wald method},
	author       = {Wang, Han and Gao, Xingyu and Fang, Jun},
	year         = 2016,
	journal      = {J. Chem. Theory Comput.},
	publisher    = {ACS Publications},
	volume       = 12,
	number       = 11,
	pages        = {5596--5608}
}
@article{wang2018adaptive,
	title        = {{An adaptive fast Gauss transform in two dimensions}},
	author       = {Wang, Jun and Greengard, Leslie},
	year         = 2018,
	journal      = {SIAM J. Sci. Comput.},
	publisher    = {SIAM},
	volume       = 40,
	number       = 3,
	pages        = {A1274--A1300}
}
@article{wang2019dielectric,
	title        = {Dielectric {M}odulation of {T}wo-{D}imensional {D}ipolar {M}aterials},
	author       = {Wang, Ziwei and Luijten, Erik},
	year         = 2019,
	month        = {Aug},
	journal      = {Phys. Rev. Lett.},
	publisher    = {American Physical Society},
	volume       = 123,
	pages        = {096101},
	issue        = 9,
	numpages     = 6
}
@article{weideman2010improved,
	title        = {{Improved contour integral methods for parabolic PDEs}},
	author       = {Weideman, JAC},
	year         = 2010,
	journal      = {IMA J. Numer. Anal.},
	publisher    = {OUP},
	volume       = 30,
	number       = 1,
	pages        = {334--350}
}
@inproceedings{welling2011bayesian,
	title        = {Bayesian learning via stochastic gradient Langevin dynamics},
	author       = {Welling, Max and Teh, Yee W},
	year         = 2011,
	booktitle    = {Proceedings of the 28th international conference on machine learning (ICML-11)},
	pages        = {681--688},
	organization = {Citeseer}
}
@article{widmann1997comparison,
	title        = {A comparison of {E}wald summation techniques for planar surfaces},
	author       = {Widmann, Albert H and Adolf, David B},
	year         = 1997,
	journal      = {Comput. Phys. Commun.},
	publisher    = {Elsevier},
	volume       = 107,
	number       = {1-3},
	pages        = {167--186}
}
@article{willets2007localized,
	title        = {Localized surface plasmon resonance spectroscopy and sensing},
	author       = {Willets, Katherine A and Van Duyne, Richard P},
	year         = 2007,
	journal      = {Annu. Rev. Phys. Chem.},
	publisher    = {Annual Reviews},
	volume       = 58,
	pages        = {267--297}
}
@article{wiscombe1977exponential,
	title        = {Exponential-sum fitting of radiative transmission functions},
	author       = {Wiscombe, WJ and Evans, JW},
	year         = 1977,
	journal      = {J. Comput. Phys.},
	publisher    = {Elsevier},
	volume       = 24,
	number       = 4,
	pages        = {416--444}
}
@article{wu2003terahertz,
	title        = {Terahertz plasmonic high pass filter},
	author       = {Wu, Dongmin and Fang, Nicholas and Sun, Cheng and Zhang, Xiang and Padilla, Willie J and Basov, Dimitri N and Smith, David R and Schultz, Sheldon},
	year         = 2003,
	journal      = {Appl. Phys. Lett.},
	publisher    = {American Institute of Physics},
	volume       = 83,
	number       = 1,
	pages        = {201--203}
}
@article{wu2018asymmetric,
	title        = {Asymmetric electrolytes near structured dielectric interfaces},
	author       = {Wu, Huanxin and Li, Honghao and Solis, Francisco J and Olvera de la Cruz, Monica and Luijten, Erik},
	year         = 2018,
	journal      = {J. Chem. Phys.},
	publisher    = {AIP Publishing},
	volume       = 149,
	number       = 16,
	pages        = 164701
}
%metamaterial low frequency
@article{xie2022recent,
	title        = {Recent advances in radio-frequency negative dielectric metamaterials by designing heterogeneous composites},
	author       = {Xie, Peitao and Shi, Zhicheng and Feng, Mei and Sun, Kai and Liu, Yao and Yan, Kelan and Liu, Chunzhao and Moussa, Tarek AA and Huang, Meina and Meng, Shuwei and others},
	year         = 2022,
	journal      = {Advanced Composites and Hybrid Materials},
	publisher    = {Springer},
	volume       = 5,
	number       = 2,
	pages        = {679--695}
}
@article{xu2011image,
	title        = {Image charge method for reaction fields in a hybrid ion-channel model},
	author       = {Xu, Zhenli and Cai, Wei and Cheng, Xiaolin},
	year         = 2011,
	journal      = {Commun. Comput. Phys.},
	publisher    = {Cambridge University Press},
	volume       = 9,
	number       = 4,
	pages        = {1056--1070}
}
@article{xu2013electrostatic,
	title        = {Electrostatic interaction in the presence of dielectric interfaces and polarization-induced like-charge attraction},
	author       = {Xu, Zhenli},
	year         = 2013,
	month        = {Jan},
	journal      = {Phys. Rev. E},
	publisher    = {American Physical Society},
	volume       = 87,
	pages        = {013307},
	issue        = 1,
	numpages     = 8
}
@article{xu2020polyaniline,
	title        = {Polyaniline crystalline nanostructures dependent negative permittivity metamaterials},
	author       = {Xu, Xiaojiang and Fu, Qiangang and Gu, Hongbo and Guo, Ying and Zhou, Heng and Zhang, Jiaoxia and Pan, Duo and Wu, Shide and Dong, Mengyao and Guo, Zhanhu},
	year         = 2020,
	journal      = {Polymer},
	publisher    = {Elsevier},
	volume       = 188,
	pages        = 122129
}
@article{yan2013negative,
	title        = {Negative dielectric constant manifested by static electricity},
	author       = {Yan, Han and Zhao, Cindy and Wang, Kevin and Deng, Lucy and Ma, Matthew and Xu, Gu},
	year         = 2013,
	journal      = {Appl. Phys. Lett.},
	publisher    = {American Institute of Physics},
	volume       = 102,
	number       = 6,
	pages        = {062904}
}
@article{yan2018flexibly,
	title        = {Flexibly imposing periodicity in kernel independent {FMM}: A multipole-to-local operator approach},
	author       = {Yan, Wen and Shelley, Michael},
	year         = 2018,
	journal      = {J. Comput. Phys.},
	publisher    = {Elsevier},
	volume       = 355,
	pages        = {214--232}
}
@article{ye2023ima,
	title        = {{Error analysis of time-discrete random batch method for interacting particle systems and associated mean-field limits}},
	author       = {Ye, Xuda and Zhou, Zhennan},
	year         = 2023,
	month        = {06},
	journal      = {IMA J. Numer. Anal.},
	publisher    = {Oxford University Press},
	pages        = {drad043}
}
@article{yeh1999ewald,
	title        = {Ewald summation for systems with slab geometry},
	author       = {Yeh, In-Chul and Berkowitz, Max L},
	year         = 1999,
	journal      = {J. Chem. Phys.},
	publisher    = {American Institute of Physics},
	volume       = 111,
	number       = 7,
	pages        = {3155--3162}
}
@article{yi2017note,
	title        = {Note: {A} pairwise form of the {E}wald sum for non-neutral systems},
	author       = {Yi, Shasha and Pan, Cong and Hu, Zhonghan},
	year         = 2017,
	journal      = {J. Chem. Phys.},
	publisher    = {AIP Publishing LLC},
	volume       = 147,
	number       = 12,
	pages        = 126101
}
@article{ying2004kernel,
	title        = {A kernel-independent adaptive fast multipole algorithm in two and three dimensions},
	author       = {Lexing Ying and George Biros and Denis Zorin},
	year         = 2004,
	journal      = {J. Comput. Phys.},
	volume       = 196,
	number       = 2,
	pages        = {591--626},
	issn         = {0021-9991}
}
@article{yu2018plasmonic,
	title        = {Plasmonic {I}nteraction between {N}anospheres},
	author       = {Yu, Sanghyeon and Ammari, Habib},
	year         = 2018,
	journal      = {SIAM Rev.},
	volume       = 60,
	number       = 2,
	pages        = {356--385}
}
@article{yuan2020structure,
	title        = {Structure of polyelectrolyte brushes on polarizable substrates},
	author       = {Yuan, Jiaxing and Antila, Hanne S and Luijten, Erik},
	year         = 2020,
	journal      = {Macromolecules},
	volume       = 53,
	number       = 8,
	pages        = {2983--2990}
}
@article{yuan2021particle,
	title        = {Particle--{P}article {P}article--{M}esh algorithm for electrolytes between charged dielectric interfaces},
	author       = {Yuan, Jiaxing and Antila, Hanne S and Luijten, Erik},
	year         = 2021,
	journal      = {J. Chem. Phys.},
	volume       = 154,
	number       = 9,
	pages        = {094115}
}
% citation for SPWs
@article{zhang2020terahertz,
	title        = {Terahertz surface plasmonic waves: a review},
	author       = {Zhang, Xueqian and Xu, Quan and Xia, Lingbo and Li, Yanfeng and Gu, Jianqiang and Tian, Zhen and Ouyang, Chunmei and Han, Jiaguang and Zhang, Weili},
	year         = 2020,
	journal      = {Adv. Photonics},
	publisher    = {SPIE},
	volume       = 2,
	number       = 1,
	pages        = {014001}
}
@article{zhonghanhu2014JCTC,
	title        = {Infinite boundary terms of {E}wald sums and pairwise interactions for electrostatics in bulk and at interfaces},
	author       = {Hu, Zhonghan},
	year         = 2014,
	journal      = {J. Chem. Theory Comput.},
	volume       = 10,
	number       = 12,
	pages        = {5254--5264}
}
@article{zhu2019ion,
	title        = {Ion/molecule transportation in nanopores and nanochannels: {F}rom critical principles to diverse functions},
	author       = {Zhu, Zhongpeng and Wang, Dianyu and Tian, Ye and Jiang, Lei},
	year         = 2019,
	journal      = {J. Am. Chem. Soc.},
	publisher    = {ACS Publications},
	volume       = 141,
	number       = 22,
	pages        = {8658--8669}
}
@article{zwanikken2013tunable,
	title        = {Tunable soft structure in charged fluids confined by dielectric interfaces},
	author       = {Zwanikken, Jos W and Olvera de La Cruz, Monica},
	year         = 2013,
	journal      = {Proc. Natl. Acad. Sci. U.S.A.},
	volume       = 110,
	number       = 14,
	pages        = {5301--5308}
}
@article{ji2025machinelearninginteratomicpotentialslongrange,
	title        = {Machine-Learning Interatomic Potentials for Long-Range Systems},
	author       = {Yajie Ji and Jiuyang Liang and Zhenli Xu},
	year         = 2025,
	journal      = {arXiv:2502.04668}
}
@article{cheng2025latent,
	title        = {Latent {E}wald summation for machine learning of long-range interactions},
	author       = {Cheng, Bingqing},
	year         = 2025,
	journal      = {npj Computational Materials},
	publisher    = {Nature Publishing Group UK London},
	volume       = 11,
	number       = 1,
	pages        = 80
}
